2436 3328
0 243 13 258 ⁵
55 224 130 298 ,iib-
151 252 209 286 ult.
231 252 368 295 episcopi

55 357 129 407 φῦ.
146 358 239 392 Guid.
257 359 348 399 (1484
360 358 433 390 Jan.
447 359 497 398 10)
527 359 649 390 Alanus
671 359 711 398 (18
732 359 858 399 Mault),
881 370 929 401 ep.
952 359 1088 391 Leonen.

57 416 117 449 1&-
134 411 182 444 AJ.
202 412 293 452 (1493
311 411 393 443 Nov.
413 413 444 451 2)
527 412 682 443 Radultus
705 412 745 452 (le
767 412 895 443 Chauve
917 412 956 444 de
977 412 1071 452 Moel)

71 1098 123 1132 ob.
145 1099 231 1131 Petri

46 1179 49 1195 ς
73 1155 112 1186 iit.
134 1153 221 1184 Petri
242 1153 283 1184 ad
304 1153 468 1193 Massan.²)

523 1101 633 1133 Petrus
656 1101 741 1140 (dell'
765 1101 866 1141 Orto),
890 1113 938 1143 ep.
961 1101 1109 1143 Nepesin.

510 1250 686 1282 emeriten.

40 1314 43 1315 ⁷
142 1293 164 1327 ι)
182 1294 233 1321 Oui
242 1297 367 1320 remanet
376 1295 404 1320 in
414 1303 513 1320 comm.
525 1295 638 1320 ecclesia
648 1295 771 1328 paroch„
783 1303 867 1328 quam
877 1298 960 1321 antea
971 1295 1125 1326 obtinebat,

39 1343 43 1354 ·’
72 1346 172 1366 mserV.
194 1341 289 1365 autem
310 1338 442 1365 cardinali
464 1347 484 1365 s.
508 1339 583 1365 Petri
604 1339 640 1364 ad
661 1340 733 1365 vinc.
755 1348 849 1365 annua
870 1340 964 1373 pensio
985 1340 1037 1365 500
1058 1342 1127 1365 scut.

39 1409 42 1411 .
141 1383 164 1416 ⁸)
182 1382 379 1409 Thesaurarius
400 1383 464 1409 eccl.
487 1383 514 1409 b.
537 1383 640 1409 Mariae
660 1383 752 1417 Magd.
775 1383 810 1409 de
831 1384 945 1417 Vitreyo
966 1384 1051 1410 dioec.
1076 1384 1128 1410 Re-

70 1426 180 1459 douen„
199 1427 305 1454 nobilis.

47 1484 49 1486 ·
141 1471 164 1504 ι)
182 1471 221 1498 Et
240 1480 305 1498 cess.
326 1480 471 1506 regressus,
492 1480 575 1506 quem
595 1472 631 1501 ad
651 1472 726 1498 fliam
746 1473 809 1498 eccl.
833 1473 877 1499 Jo.
899 1472 997 1499 Calvet
1016 1472 1128 1498 clericus

36 1531 38 1534 >
70 1515 191 1550 Oorisop.
208 1516 339 1547 habebat,
355 1524 454 1542 reserv.
471 1517 496 1542 ei
511 1525 604 1542 annua
620 1525 694 1550 pens.
712 1517 764 1543 600
778 1517 838 1543 libr.
856 1517 967 1547 Toron„
983 1525 1039 1542 non
1054 1517 1125 1543 obst.

37 1551 43 1567 ἶ
71 1559 126 1587 alia
142 1569 217 1595 pens.
237 1561 290 1587 300
307 1560 368 1586 due.
389 1560 521 1587 cardinali
538 1569 559 1586 s.
579 1561 677 1595 Angeli
695 1564 843 1587 reservata.

45 1613 46 1616 ¹
140 1604 163 1638 ⁶)
181 1605 310 1631 Decanus
322 1605 418 1631 decan.
433 1613 487 1631 rur.
502 1605 537 1631 de
551 1605 672 1631 Porhoet
685 1605 770 1631 dioec.
786 1605 928 1636 Veneten.‚
944 1606 977 1631 22
992 1614 1016 1631 a.
1032 1614 1123 1640 agens.

514 1650 662 1681 coi-kam.

141 1693 162 1726 ¹)
182 1693 353 1728 „Episcopus
372 1693 452 1720 Cork.
473 1697 502 1720 et
521 1693 631 1720 Clonen.
653 1694 743 1720 utitur
762 1694 790 1720 in
810 1694 873 1720 8881.
894 1694 1005 1720 01011811.
1027 1694 1126 1720 baculo

37 1735 54 1770 -ss
70 1738 210 1773 pastorali,
233 1738 324 1772 effigie
345 1746 366 1764 8.
390 1738 514 1765 Colmani
537 1739 676 1772 insignito,
700 1747 782 1772 quem
805 1739 841 1764 ab
864 1739 915 1764 1188
938 1739 1001 1764 8881.
1026 1742 1125 1764 mutuo

41 1807 44 1808 γ
70 1782 171 1817 accipit
181 1785 211 1808 et
221 1783 344 1809 restituit
363 1783 445 1816 juxta
458 1783 589 1816 temporis
604 1782 800 1817 exigentiam.“
811 1783 858 1810 Ac
873 1783 949 1809 Misc.
967 1782 1069 1814 XLIV,
1084 1784 1125 1810 66.

139 1827 161 1859 ²)
179 1827 212 1853 A.
230 1827 298 1853 1429
312 1827 440 1861 promoti,
457 1827 504 1861 qui
519 1827 609 1853 adhuc
625 1835 717 1853 mense
732 1827 797 1853 Dec.
816 1828 884 1853 1434
898 1827 999 1853 sedisse
1014 1827 1125 1853 dicitur.

138 1871 160 1904 ι)
179 1871 295 1902 „Bullae
320 1871 366 1904 (de
391 1871 451 1904 ejus
476 1872 642 1906 provisione)
669 1874 736 1897 sunt
761 1872 790 1897 in
815 1872 930 1898 08111818
955 1873 1068 1906 (apost.)
1095 1875 1124 1898 et

68 1922 211 1949 nunquam
229 1915 342 1942 fuerunt
360 1915 646 1950 redemptae-“Schede
664 1916 693 1942 di
710 1916 847 1949 Garampi.

37 1955 40 1956 ⁷
137 1959 160 1992 ⁴)
179 1959 211 1986 Ο.
227 1960 293 1987 Oist.
309 1960 394 1986 dioec.
411 1960 532 1991 01011811,
548 1960 623 1994 quod
638 1961 746 1986 retinet.
777 1960 821 1986 Ad
836 1960 909 1986 diem
924 1961 941 1986 4
955 1960 1036 1986 Mart.
1056 1961 1123 1986 1499

43 2010 47 2039 ζ
67 2003 154 2031 inAc
172 2004 248 2030 Miso.
265 2004 360 2031 XLIV
375 2005 410 2031 38
422 2004 488 2030 haec
501 2007 683 2031 annotantur:
697 2005 811 2035 „Clerici
822 2013 843 2030 s.
857 2005 962 2039 collegii
973 2005 1121 2038 petierunt,

41 2043 45 2058 ’
68 2050 102 2074 ut
116 2048 214 2075 cedula
230 2049 294 2075 eccl.
312 2048 392 2075 Cork.
410 2051 439 2075 et
455 2048 566 2075 01011811.
584 2049 654 2075 unit.
672 2049 786 2075 daretur
802 2052 831 2075 et
848 2049 923 2075 bulla
940 2049 1123 2083 expediretur,

35 2103 44 2123 ῃ
67 2099 131 2119 cum
143 2093 180 2119 ad
193 2093 270 2119 relat.
285 2093 430 2119 cardinalis
443 2101 463 2119 s.
479 2093 611 2119 Praxedis
623 2093 658 2119 de
671 2094 710 2119 eis
723 2093 865 2127 provisum
878 2094 915 2119 sit
927 2096 957 2119 et
970 2102 1018 2127 per
1031 2093 1123 2127 plures

37 2143 46 2168 -ζ
67 2138 152 2164 testes
170 2139 279 2163 constet
297 2137 332 2163 de
352 2140 440 2164 morte
459 2138 582 2171 ipsarum
601 2137 750 2171 episcopi.“

42 2211 44 2213 ,
135 2181 159 2214 ⁵)
177 2181 212 2207 In
223 2182 384 2208 consistorio
398 2182 431 2208 10
442 2182 508 2208 Maii
522 2182 588 2208 1499
601 2181 697 2208 habito
709 2181 782 2207 card.
799 2181 925 2208 Senensis
936 2182 1003 2216 legit
1014 2182 1122 2208 litteras

37 2253 41 2259 .
67 2223 178 2252 Hem-ici
194 2226 264 2260 regis
281 2226 395 2260 Angliae
412 2234 427 2252 8
444 2226 548 2260 palatio
568 2225 702 2252 Grenwici
719 2226 764 2252 die
781 2227 798 2251 4
815 2226 880 2260 Apr.
902 2227 969 2252 1499
986 2226 1023 2252 ad
1043 2226 1069 2253 S.
1089 2227 1119 2252 P.

65 2268 156 2301 datas,
178 2270 278 2304 quibus
298 2271 350 2304 ipsi
371 2270 536 2296 memoravit
557 2279 606 2304 per
625 2270 959 2296 litterascommendasse
980 2270 1121 2304 quendam

42 2319 46 2341 ξ
67 2313 205 2341 Joannem
224 2314 365 2341 Edmundi
383 2314 418 2340 de
439 2314 592 2341 Geraldinis
611 2314 647 2340 ad
666 2314 745 2341 Oork.
766 2317 796 2340 et
814 2314 924 2341 Clonen.
945 2314 1072 2341 ecclesias
1091 2315 1121 2340 in

29 2367 43 2396 ..ε
66 2357 188 2385 dominio
199 2367 249 2385 suo
260 2359 410 2385 Hiberniae
425 2359 542 2385 invicem
559 2359 660 2389 unitas,
677 2359 706 2384 in
722 2359 801 2392 cujus
817 2359 940 2385 favorem
957 2367 974 2384 a
990 2359 1121 2385 moderno

39 2425 42 2427 .
66 2409 160 2429 earum
182 2403 310 2437 episcopo
333 2404 480 2438 resignatio
503 2403 596 2429 fienda
619 2406 703 2434 esset;
737 2411 800 2429 cum
822 2406 917 2429 autem
940 2403 997 2436 jam
1020 2411 1070 2429 suo
1093 2406 1122 2429 et

40 2441 43 2446 ’
66 2445 137 2473 illius
158 2447 275 2474 Joannis
294 2447 428 2474 desiderio
448 2447 622 2474 satisfactum
643 2456 702 2473 esse
722 2450 843 2481 putaret,
864 2450 973 2481 praeter
993 2456 1070 2481 spem
1091 2450 1119 2473 et

37 2483 46 2528 ‘v
66 2492 285 2526 expectationem
310 2500 389 2518 suam
414 2492 588 2523 intellexisse,
614 2491 849 2526 quemadmodum
877 2492 903 2518 S.
932 2492 969 2522 S„
995 2500 1030 2518 ne
1055 2492 1119 2518 talis

37 2541 48 2567 “,
64 2535 212 2571 m‘gnatio
227 2536 429 2567 admitteretur,
455 2536 647 2570 prohibuisset,
672 2544 705 2562 eo
720 2536 795 2569 quod
810 2536 913 2562 scilicet
928 2536 1053 2562 nonnulli
1069 2536 1118 2562 Hi-

31 2581 56 2592 ·’“”
67 2576 168 2607 hunnici
190 2580 294 2607 subditi
308 2581 350 2606 sui
364 2584 516 2607 assererent
529 2581 635 2606 nullum
649 2581 808 2614 episcopum
823 2580 931 2606 illarum
945 2580 1009 2606 eccl.
1025 2589 1117 2614 super-

33 2619 37 2642 Ϊ
66 2623 160 2651 tfit'em
178 2632 236 2650 esse
253 2627 283 2651 et
300 2633 391 2651 comes
409 2625 584 2651 Desimonise
602 2625 691 2651 eidem
712 2624 738 2650 S.
761 2624 787 2651 S.
808 2624 844 2650 ad
863 2624 973 2650 easdem
991 2625 1118 2651 ecelesias

35 2685 38 2686 ν
67 2668 204 2702 quendam
222 2668 353 2695 abbatem
370 2669 405 2695 de
422 2669 527 2703 Armoy
544 2669 771 2695 commendasset.
813 2668 874 2700 Qua
892 2677 926 2694 ex
945 2677 973 2694 re
990 2677 1019 2694 se
1037 2669 1117 2694 vehe-

28 2708 44 2732 ss>
66 2715 172 2738 menter
192 2713 293 2744 mirari,
314 2713 447 2746 majorem
468 2713 586 2739 subditis
606 2714 662 2739 suis
682 2716 711 2739 et
731 2713 834 2738 infimis
855 2713 1012 2739 hominibus
1033 2721 1118 2747 quam

31 2787 34 2794 2
66 2755 221 2794 litteramm
241 2765 352 2783 suarum
367 2758 526 2783 testimonio
541 2757 625 2783 fidem
641 2757 765 2783 adhiberi
782 2757 921 2791 plurisque
936 2757 1027 2783 valere
1042 2757 1117 2791 apud

41 2822 49 2830 ,.
68 2798 95 2827 S.
109 2800 136 2828 8.
147 2801 229 2827 unius
239 2801 340 2835 privati
350 2810 383 2827 ac
393 2802 497 2828 subditi
507 2802 550 2828 sui
560 2810 645 2836 quam
655 2810 734 2828 suam
744 2802 830 2835 ipsius
840 2801 1116 2832 commendationem,

42 2852 49 2867 ἱ
66 2845 129 2871 oum
149 2846 308 2879 praesertim
329 2845 425 2871 eadem
446 2846 505 2880 ipsa
525 2846 573 2872 diu
593 2846 651 2879 jam
672 2849 756 2872 antea
776 2846 892 2880 cognitis
913 2846 968 2871 suis
989 2845 1117 2879 legitimis

47 2904 50 2906 v
66 2889 154 2915 musis
167 2892 196 2915 et
210 2889 362 2915 rationibus
377 2890 562 2924 promotiones
576 2891 649 2924 ipsas
663 2890 826 2916 Hibernicas
840 2893 870 2916 et
883 2898 977 2915 earum
992 2890 1116 2915 nomina-

43 2968 45 2970 ·
65 2932 153 2967 tiones
163 2933 214 2959 sibi
229 2934 391 2959 concesserit
404 2942 436 2960 ac
450 2934 558 2968 saepius
572 2935 697 2968 repetitis
712 2934 842 2960 brevibus
856 2934 939 2960 libere
954 2935 1114 2968 permiserit.

52 2986 59 2995 ³
116 2985 245 3007 mererem-
260 2986 370 3007 antheum
386 2986 452 3007 medii
470 2987 532 3008 oevi.
560 2987 602 3008 Π)

527 253 722 285 Theobaldus
743 253 782 284 de
804 253 918 291 Rieux,
942 257 1101 295 protonot.
1124 252 1253 295 apost.²)

4 297 5 300 Ἰ
54 335 55 338 ,
75 300 236 346 οῦ.Τ118ο.
251 306 302 346 (18
313 305 389 344 Feb.
405 304 496 345 1479)
530 306 630 337 Guido
651 306 695 337 du
717 306 855 337 Boschet
877 306 1056 346 (Bouchet),
1079 306 1139 348 jur.
1162 310 1224 338 utr.
1247 305 1358 345 doct.³)

66 462 219 514 31ob.Rad.
232 465 320 504 (1501
333 464 408 495 Maii
418 464 496 504 31)⁴)
528 465 673 496 claudius
694 465 733 496 de
755 465 907 504 Rohan‚⁵)
930 465 1052 503 nobilis,
1075 466 1106 496 in
1128 466 1240 497 minor.
1263 469 1363 496 const.

47 917 132 949 2188.
157 915 287 947 Gerardi
309 915 348 946 de
372 915 470 955 Ger.⁵)
528 916 667 947 «Ioannes
688 915 850 946 Edmundi
871 915 911 947 de
935 915 1120 952 Geraldinis,
1143 915 1213 946 cler.
1237 915 1393 955 Clonenfl)

522 1154 783 1187 Bartholomaeus
805 1154 1012 1194 (Vitellesehi)
1040 1154 1079 1186 de
1098 1154 1244 1192 Corneto,
1273 1158 1433 1196 protonot.

800 150 1071 195 Corisopiten„
1097 149 1324 194 Gorkagen.‚
1350 148 1562 184 Gornetan.
2239 148 2296 180 137

1479 252 1555 283 1472
1581 252 1657 283 Julii
1683 252 1719 281 16
1770 250 1839 282 Obl.
1863 252 1912 288 83,
1935 252 1974 281 25

1479 305 1556 336 1479
1581 305 1674 336 Mart.
1701 305 1737 334 31
1770 304 1839 335 Obl.
1863 305 1912 341 83,
1935 305 1974 334 59

1480 359 1557 389 1484
1580 358 1673 389 Mart.
1699 358 1718 387 8
1771 357 1850 388 Sixt.
1870 357 1915 388 IV
1931 357 2003 388 Lat.
2022 368 2050 388 8.
2071 358 2107 388 13
2124 357 2144 388 l.
2165 359 2179 388 1
2198 357 2220 389 f.
2238 358 2299 388 250

1479 413 1556 442 1493
1581 411 1663 442 Nov.
1692 412 1728 441 13
1769 411 1820 442 AC
1843 411 1963 442 Camer.
1988 410 2013 447 I,
2036 412 2074 441 36

1480 466 1554 495 1501
1581 465 1668 496 Junii
1690 465 1729 494 25
1769 464 1821 495 AC
1843 464 1963 495 Camer.
1988 464 2013 501 Ι,
2037 465 2075 494 95

77 546 82 553 ³
140 563 367 610 θοι-188811.
392 575 451 598 seu
477 563 760 610 floreant-gen.
785 565 918 608 (Gork)
943 567 975 598 et
998 565 1224 610 clemonem
1271 564 1446 608 (Oloyne)
1470 566 1503 597 in
1530 566 1699 601 Hibernia,
1725 565 1814 597 suffr.
1841 565 2020 597 cassellen.
2046 566 2125 605 (120
2148 565 2231 605 ss.)1)

79 675 488 684 ..........
527 651 676 687 Joannes,
698 650 814 691 agebat
835 650 924 682 suffr.
948 651 1007 691 epi.
1031 650 1207 691 Trajecten.
1480 651 1677 680 1442—1449
1775 674 2292 681 ...........

52 702 79 744 'j
80 727 488 736 ..........
528 704 677 735 Geraldus
701 703 871 741 Geraldini,
902 714 990 744 prov.
1023 704 1099 734 1463
1130 703 1203 734 Jan.
1234 704 1282 740 31,
1313 703 1374 734 obl.
1404 714 1436 734 se
1479 704 1556 734 1463
1579 703 1654 744 Apr.
1679 704 1696 733 2
1771 702 1891 733 Schede
1912 702 1944 733 di
1970 702 2120 743 Garampi

54 753 125 789 οῦ.
149 755 308 796 Jordani2)
527 757 700 788 Guilelmus
722 756 866 796 (Boche),
890 757 989 787 adiac.
1013 756 1178 796 Clonen.³),
1201 756 1312 787 minor.
1479 756 1555 787 1472
1581 756 1651 787 Oct.
1677 757 1716 786 26
1771 755 1851 787 Sixt.
1873 755 1919 787 IV
1937 755 2008 786 Lat.
2030 766 2058 786 a.
2079 757 2098 786 2
2118 756 2137 787 1.
2161 757 2174 786 1
2197 755 2217 787 f.
2239 757 2298 787 253

48 802 132 851 ἴω.
155 808 238 841 Guil.
261 809 370 841 Roohe
525 810 709 841 naudaeus
730 809 858 840 Mechar
1479 810 1556 840 1490
1579 809 1653 850 Apr.
1679 810 1715 839 21
1769 809 1821 840 Ac
1843 809 1964 840 eamer.
1988 808 2013 846 Ι,
2037 810 2055 839 9

46 852 124 908 job.
149 861 282 894 Jordani
525 863 678 894 Patricius
699 862 848 900 Centum,
870 862 969 893 abbas
989 873 1073 893 mon.
1095 862 1134 893 de
1155 862 1342 902 Castrodei4)
1478 863 1555 893 1499
1578 862 1653 893 Feb.
1680 863 1716 893 15
1769 862 1821 893 ΑΟ
1843 862 1964 893 0811181.
1988 862 2014 899 Ι,
2037 862 2075 893 72

1479 917 1555 946 1499
1579 915 1667 947 Junii
1689 916 1727 946 26
1769 915 1821 946 AC
1843 915 1963 947 Camer.
1988 915 2013 952 Ι,
2037 915 2075 946 75

274 1013 488 1050 Cometen.
513 1014 746 1059 (Corneto>1)
769 1019 802 1049 et
823 1016 1138 1051 Montisflascon.
1163 1015 1506 1057 Monteflamone)
1530 1017 1564 1048 in
1589 1017 1682 1049 Italia
1707 1017 1824 1057 media,
1849 1017 1981 1049 immed.
2008 1017 2092 1058 subj.

1478 1102 1555 1131 1435
1577 1101 1652 1132 Dec.
1680 1102 1716 1131 12

1478 1155 1555 1184 1438
1579 1154 1673 1185 Mart.
1702 1154 1738 1185 17

1769 1100 1838 1132 Obl.
1863 1102 1911 1138 66,
1934 1102 1973 1131 23

1769 1154 1838 1185 Obl.
1863 1155 1911 1191 66,
1934 1155 1974 1184 40

1236 1251 1356 1276 Demum
1372 1251 1489 1277 eandem
1506 1251 1595 1284 ipsam
1611 1251 1802 1276 instantssime
1817 1251 1943 1284 rogabat,
1971 1251 2045 1284 quod
2063 1251 2115 1277 sibi
2131 1252 2215 1277 semel
2232 1261 2295 1278 con-

1235 1298 1355 1321 cesserat
1374 1304 1406 1321 88
1427 1296 1529 1321 totiens
1549 1296 1606 1321 suis
1625 1295 1755 1321 brevibus
1781 1295 2006 1326 confirmaverat,
2037 1296 2066 1321 id
2086 1304 2160 1322 nunc
2180 1297 2294 1322 inviola-

1237 1339 1327 1365 biliter
1358 1342 1498 1374 praestare
1528 1339 1619 1365 vellet.
1658 1339 1705 1366 Ac
1726 1340 1802 1365 Misc.
1826 1339 1929 1371 XLIV,
1953 1340 1995 1366 52.
2019 1355 2055 1358 —
2076 1340 2111 1366 In
2133 1341 2295 1367 consistorio

1235 1383 1280 1410 die
1299 1385 1332 1410 19
1351 1384 1417 1411 Jun.
1438 1384 1506 1410 1499
1523 1384 1620 1410 habito
1638 1386 1697 1410 tam
1716 1384 1791 1410 bulla
1808 1385 1972 1418 provisionis
1989 1384 2024 1410 de
2042 1385 2088 1410 illo
2108 1385 2230 1411 Gerardo
2248 1394 2296 1420 per

1235 1428 1317 1454 Pium
1337 1429 1367 1454 ΙΙ
1388 1429 1432 1454 die
1452 1429 1485 1455 31
1509 1429 1573 1455 Jan.
1598 1429 1665 1454 1462
1687 1429 1778 1460 (1463)
1800 1428 1892 1454 factae
1913 1431 1942 1454 et
1962 1429 1998 1454 ad
2020 1429 2183 1455 Eduardum
2203 1438 2294 1464 regem

1235 1472 1350 1506 Angliae
1371 1473 1492 1499 directae
1513 1481 1634 1499 unacum
1656 1473 1755 1499 litteris
1777 1475 1806 1498 et
1827 1473 1913 1507 ipsius
1935 1474 2004 1507 regis
2026 1473 2140 1508 Angliae
2162 1475 2294 1508 superiori

1235 1525 1328 1543 mense
1343 1518 1371 1543 in
1386 1526 1406 1543 s.
1423 1518 1584 1543 consistorio
1599 1517 1677 1543 lectis
1692 1520 1720 1543 et
1735 1518 1844 1543 comitis
1859 1517 2031 1543 Desimonise
2046 1518 2082 1544 ad
2097 1527 2188 1552 regem
2203 1519 2294 1553 ipsum

1235 1562 1269 1587 25
1290 1561 1356 1595 ΑΡ1.
1382 1562 1450 1588 1499
1471 1562 1545 1588 datis
1567 1562 1640 1588 idem
1662 1562 1879 1588 testificantibus
1902 1565 2013 1588 ostensa
2035 1565 2078 1588 est
2100 1571 2185 1596 quam
2206 1563 2294 1589 lectae

1234 1609 1300 1632 sunt
1319 1607 1379 1640 (per
1397 1606 1470 1632 card.
1493 1606 1651 1638 Senensem)
1670 1606 1779 1632 litterae
1798 1606 1940 1632 Edmundi
1959 1607 2013 1641 epi.
2035 1607 2148 1633 Rossen.
2168 1608 2197 1633 in
2216 1616 2293 1642 prov.

1234 1650 1383 1676 Hiberniae
1407 1651 1558 1676 collectoris
1582 1654 1611 1676 et
1634 1651 1725 1676 nuntii
1748 1654 1837 1685 apost.
1873 1651 1957 1677 datae
1982 1651 2052 1677 Ross
2076 1652 2110 1677 25
2134 1652 2199 1686 Apr.
2227 1653 2295 1678 1499

1233 1703 1341 1720 necnon
1359 1695 1455 1721 decani
1474 1698 1503 1721 et
1521 1695 1636 1729 capituli
1655 1695 1764 1721 illarum
1783 1695 1846 1721 8881.
1868 1696 1938 1721 unit.
1958 1695 2042 1722 datae
2061 1697 2090 1722 in
2109 1697 2160 1723 civ.
2181 1696 2292 1725 01011811,

1234 1739 1267 1766 27
1286 1739 1351 1773 Apr.
1373 1740 1440 1765 1499
1458 1739 1543 1765 fidem
1561 1739 1702 1770 facientes,
1721 1740 1895 1774 praedictum
1915 1739 2069 1766 Gerardum
2087 1741 2116 1766 in
2134 1742 2294 1775 episcopum

1233 1783 1355 1817 ipsarum
1373 1784 1437 1810 eccl.
1458 1792 1506 1818 per
1524 1784 1605 1810 Pium
1623 1784 1654 1810 II
1672 1787 1832 1818 promotum
1851 1787 1880 1810 et
1898 1788 2090 1811 consecratum
2108 1794 2166 1811 esse
2184 1794 2216 1811 88
2235 1786 2293 1819 ]”8111

1233 1828 1268 1854 30
1285 1836 1372 1854 8111108
1389 1831 1418 1854 et
1434 1828 1508 1854 ultra
1525 1829 1554 1854 in
1571 1828 1688 1862 pacifica
1705 1829 1874 1862 possessione
1891 1837 2001 1855 summa
2019 1837 2083 1856 cum
2103 1830 2296 1856 benevolentia

1233 1875 1262 1898 et
1277 1872 1435 1898 obedientia
1450 1873 1538 1899 totius
1553 1873 1616 1899 cleri
1632 1876 1661 1899 et
1678 1873 1794 1907 capituli
1809 1874 1959 1899 earundem
1976 1874 2059 1900 fuisse
2074 1882 2187 1908 esseque
2203 1874 2294 1900 adhuc

1232 1919 1262 1942 et
1286 1917 1379 1942 vivere
1404 1917 1585 1943 affirmantes.
1637 1917 1788 1943 Cardinalis
1814 1921 1909 1944 autem
1935 1927 1955 1944 s.
1983 1918 2115 1944 Praxedis
2140 1919 2291 1952 respondit,

1233 1969 1261 1986 se
1284 1961 1379 1987 fecisse
1402 1962 1431 1987 in
1454 1961 1507 1987 alio
1531 1962 1692 1988 consistorio
1716 1962 1877 1988 relationem
1901 1962 1935 1988 de
1960 1963 2149 1996 promovendo
2172 1963 2294 1990 Patricio

1232 2005 1352 2031 Cautum
1370 2006 1398 2031 in
1415 2011 1512 2040 epum.
1526 2006 1634 2032 illarum
1652 2006 1715 2032 eccl.
1735 2015 1794 2032 vae.
1815 2015 1863 2040 per
1880 2007 1924 2033 ob.
1945 2007 2063 2033 Jordani
2081 2007 2217 2038 PorceUis,
2235 2016 2292 2034 non

1234 2049 1344 2075 Geraldi
1359 2050 1394 2076 de
1410 2050 1572 2081 Geraldinis,
1588 2059 1620 2076 ac
1636 2059 1664 2076 se
1680 2051 1844 2082 meminisse,
1861 2054 1986 2085 tempore
2001 2052 2097 2078 Innoc.
2114 2052 2185 2078 VIII
2201 2053 2292 2086 ipsum

1232 2094 1305 2120 card.
1329 2094 1477 2120 Senensem
1496 2094 1591 2121 fecisse
1612 2095 1772 2121 relationem
1794 2095 1828 2121 (18
1849 2096 2038 2129 promovendo
2059 2096 2180 2130 quodam
2201 2096 2291 2122 Thad-

1230 2138 1300 2164 daeo
1311 2139 1340 2164 in
1350 2147 1442 2172 epum.
1455 2139 1563 2165 illarum
1575 2140 1638 2165 eccl.
1652 2148 1711 2165 vac.
1726 2148 1774 2173 per
1785 2140 1882 2174 resign.
1897 2140 2026 2166 Guilelmi
2037 2142 2099 2175 epi„
2111 2141 2291 2175 subjungens,

1231 2191 1352 2216 quonam
1368 2183 1451 2209 modo
1467 2183 1527 2209 fieri
1542 2186 1644 2217 posset,
1661 2186 1694 2210 ut
1710 2184 1754 2209 ille
1772 2183 1906 2210 Geraldus
1923 2185 1957 2211 30
1973 2193 2060 2211 annos
2075 2186 2104 2211 in
2120 2186 2289 2219 possessione

1230 2226 1322 2258 fuerit,
1346 2235 1410 2253 cum
1434 2228 1544 2253 interim
1569 2231 1613 2254 tot
1636 2229 1757 2262 episcopi
1783 2228 1908 2263 (Corkag.
1934 2232 1963 2255 et
1987 2229 2110 2262 Clonen.)
2135 2231 2287 2256 extiterint.

1234 2271 1325 2302 Quare
1350 2280 1413 2297 cum
1440 2280 1482 2297 res
1507 2273 1575 2298 satis
1600 2273 1731 2298 intricata
1757 2272 1906 2304 videretur,
1933 2273 1970 2299 ad
1995 2274 2071 2300 aliud
2097 2275 2289 2300 consistorium

1229 2315 1317 2341 dilata
1334 2319 1384 2341 est.
1423 2316 1452 2342 L.
1473 2325 1495 2342 c.
1516 2316 1535 2342 f.
1555 2317 1597 2343 66.

1301 2359 1323 2392 ο)
1342 2360 1376 2386 111
1395 2361 1491 2386 minor.
1512 2363 1610 2392 const„
1630 2361 1663 2388 27
1682 2370 1706 2387 a.
1727 2369 1818 2395 agens.

1686 2406 1829 2433 cornetan.

1299 2448 1320 2480 ¹)
1339 2448 1372 2474 A.
1392 2449 1460 2475 1435
1475 2449 1510 2475 de
1526 2457 1600 2475 novo
1616 2452 1707 2475 erecta
1724 2450 1752 2475 in
1769 2450 1902 2481 cathedr„
1920 2451 1963 2477 cui
1980 2452 2076 2477 unitur
2091 2451 2155 2477 eccl.
2173 2451 2287 2477 Montis-

1228 2492 1340 2518 ssascon.
1360 2493 1493 2519 defuncto
1511 2493 1594 2519 Petro
1613 2502 1672 2528 ep0.

1298 2537 1319 2569 ²)
1339 2537 1378 2563 Et
1394 2545 1444 2563 res.
1462 2537 1603 2564 Valentini
1620 2546 1713 2564 mense
1731 2539 1795 2564 Jan.
1817 2539 1883 2566 1437
1901 2540 1938 2565 ab
1955 2540 2018 2565 8881.
2038 2539 2156 2566 Hortan.
2175 2540 2211 2565 ad
2228 2540 2288 2566 illas

1227 2581 1290 2606 eccl.
1317 2581 1452 2607 translati.
1507 2582 1560 2613 Qui
1584 2582 1747 2608 Valentinus
1772 2583 1923 2617 resignavit
1947 2584 2044 2610 cedula
2069 2592 2153 2610 manu
2178 2585 2288 2618 propria

1227 2626 1330 2659 scripta
1345 2628 1374 2651 et
1390 2626 1513 2659 Eugenio
1533 2626 1573 2652 IV
1589 2629 1767 2660 praesentata
1783 2630 1812 2653 et
1828 2627 1933 2659 oblata,
1950 2629 2029 2661 cujus
2045 2631 2125 2654 tenor
2140 2629 2203 2654 talis
2219 2628 2284 2655 fuit:

1227 2669 1280 2700 „In
1303 2670 1414 2696 nomine
1438 2670 1557 2696 Domini.
1583 2671 1680 2697 Amen.
1706 2671 1788 2697 Anno
1813 2671 1876 2698 Dni.
1902 2672 2162 2699 MCCCCXXXVII
2187 2673 2287 2698 mensis

1228 2713 1397 2747 Septembris
1416 2714 1460 2740 die
1480 2715 1514 2740 20
1534 2723 1584 2749 ego
1604 2715 1770 2741 Valentinus
1790 2716 1936 2750 episcopus
1956 2717 2101 2743 Cometan.
2123 2719 2152 2743 et
2171 2717 2285 2743 Montis-

1226 2757 1338 2783 ssascon.
1352 2767 1387 2784 ex
1399 2759 1537 2784 nonnullis
1551 2759 1629 2785 bonis
1642 2763 1671 2786 et
1684 2759 1885 2786 honestissimis
1898 2762 1988 2786 causis
2000 2761 2127 2787 eeclesias
2140 2761 2285 2787 Cornetan.

1226 2805 1254 2828 et
1274 2802 1502 2834 Montisflascom,
1523 2803 1559 2829 ad
1580 2812 1650 2837 quas
1673 2804 1698 2830 S.
1722 2804 1756 2830 D.
1779 2807 1874 2830 noster
1895 2814 1969 2839 papa
1989 2805 2024 2831 de
2045 2813 2138 2831 mense
2159 2805 2287 2832 Januarii

1226 2847 1349 2880 proxime
1365 2848 1506 2881 praeteriti
1522 2856 1566 2873 me
1581 2849 1777 2882 gratiosissime
1794 2852 1874 2875 motu
1891 2850 2002 2883 proprio
2018 2850 2170 2881 transtulit,
2187 2853 2287 2884 sponte

1225 2894 1254 2916 et
1276 2891 1359 2916 libere
1381 2899 1454 2925 pono
1477 2892 1505 2917 in
1528 2893 1656 2918 manibus
1678 2893 1804 2926 ejusdem
1829 2893 2003 2925 Sanctitatis,
2026 2895 2189 2920 renuntians
2211 2894 2286 2920 omni

1225 2935 1279 2968 juri
1297 2935 1364 2961 mihi
1382 2937 1551 2970 competenti
1569 2945 1616 2962 seu
1635 2937 1710 2971 quod
1728 2940 1884 2970 competere
1903 2940 1996 2972 posset
2014 2938 2042 2963 in
2059 2938 2141 2964 dictis
2159 2938 2286 2969 ecclesiis,

2072 2989 2112 3019 18
