2436 3328
152 141 194 172 52
915 133 1018 177 App.
1042 132 1072 167 Ι.
1094 130 1386 166 Anmtationes
1408 128 1463 163 ad.
1483 129 1585 171 part.
1607 126 1627 160 1

228 238 317 267 Mart.
335 237 353 265 5
379 236 459 265 card.
479 234 626 269 Senensis,
643 237 741 272 apost.
758 233 837 263 sedis
852 233 968 281 legatus
984 231 1023 260 ad
1038 240 1138 268 regem

153 282 295 312 Franciae
309 286 381 310 tunc
394 290 497 309 versus
509 279 679 308 Tuscanam
691 278 863 307 venientem
875 276 992 310 missus,
1015 274 1075 308 sed,
1098 274 1138 302 ab

151 327 216 366 ipso
231 336 291 355 non
306 329 453 363 receptus,
470 323 509 352 ad
525 322 639 352 Urbem
653 332 790 352 reversus
805 326 859 356 est,
876 331 894 350 a
909 320 970 349 suis
985 319 1138 348 duntaxat

151 370 324 400 associatus.
357 368 472 398 Eodem
487 367 536 396 die
551 367 636 396 venit
651 377 688 396 ex
704 366 856 395 Florentia
872 365 911 394 ad
927 364 1041 394 Urbem
1056 362 1136 391 card.

151 413 368 447 Macloviensis,
388 412 477 442 simili
497 411 587 441 modo
605 410 780 440 associatus.
818 409 851 439 L.
871 419 896 438 o.
917 419 946 447 p.
967 409 1031 437 244.
1158 408 1214 436 575

228 459 319 487 Mart.
338 457 357 486 6
386 456 507 486 recessit
524 466 561 485 ex
580 455 662 485 Urbe
679 454 759 484 card.
780 452 999 491 Montisregalis
1016 462 1034 480 a
1055 451 1083 480 S
1104 451 1136 479 P.

151 503 258 532 missus
271 502 368 531 iturus
381 501 409 530 N
411 511 506 540 epem
521 500 607 530 obses
620 499 732 529 ibidem
745 507 967 538 permansurus,
982 505 1138 535 quousque

151 547 230 576 card.
243 546 389 576 Ascanius
400 544 598 579 vicecancell„
611 554 701 583 quem
715 543 743 572 S.
757 544 789 572 P.
802 542 840 572 ad
851 553 882 571 se
893 541 994 570 venire
1005 539 1136 573 vocavit,

151 591 190 621 ad
207 591 264 620 σιν.
284 590 400 629 Nepem
418 599 553 618 reversus
570 592 661 617 esset:
681 587 733 626 qui
746 586 932 616 vicecancell.
946 585 994 614 die
1008 587 1022 614 7
1038 583 1138 613 Martii

151 635 190 664 ad
206 635 320 665 Urbem
336 634 420 663 venit
436 638 467 663 et
482 633 513 662 ιιι
530 632 644 672 palatio
660 636 756 670 apost.
775 632 806 660 in
822 631 947 660 cameris
962 629 1023 658 suis
1041 627 1138 666 hospi

151 683 236 709 tatus
255 683 314 713 est;
345 678 384 708 ad
404 677 518 708 Urbem
537 677 626 706 rediit
645 676 799 715 praefatus
819 674 898 704 card.
920 671 1139 711 Montisregalis

153 723 201 753 die
221 726 239 753 9
260 723 396 762 ejusdem
417 722 534 752 mensis.
577 721 687 750 Burch.
711 720 793 749 Diar.
819 719 850 748 II
872 729 900 757 p.
923 719 987 747 244.
1159 717 1216 746 576

228 768 319 797 Mart.
332 767 371 796 25
395 777 418 796 s.
433 766 589 804 collegium
603 765 718 794 creavit
731 769 762 794 et
775 763 928 793 ordinavit
941 761 1139 801 depositarios

152 812 347 861 pecuniarum
375 810 581 840 communium
608 814 639 838 et
668 809 853 838 minutorum
881 806 1072 837 servitiorum
1099 804 1139 834 ad

151 856 234 896 ipsos
253 856 338 885 dnos.
360 855 440 884 card.
462 854 578 884 ratione
598 853 668 892 pilei
688 853 892 901 spectantium
917 851 1030 880 nobiles
1060 849 1139 878 viros

155 900 278 930 heredes
294 899 444 930 Ambrosii
461 899 498 928 de
517 897 697 937 Spannoctis
723 902 753 926 et
779 897 874 926 socios
891 899 1071 925 mercatores
1089 894 1139 923 Se-

152 955 258 974 nenses
278 945 366 974 Rom.
388 944 502 973 curiam
523 947 682 982 sequentes
702 941 759 971 sub
780 941 836 970 illis
857 940 954 970 modis
974 944 1005 969 et
1026 938 1137 972 formis,

151 989 261 1028 quibus
283 989 333 1018 alii
355 987 538 1027 depositarii,
572 987 623 1026 qui
655 996 710 1025 pro
733 990 868 1024 tempore
890 984 1022 1018 fuerunt,
1046 982 1139 1012 creari

151 1037 381 1063 consueverunt.
420 1032 456 1061 N.
478 1032 511 1061 B.
535 1031 709 1070 Sequuntur
728 1030 846 1059 litterae
864 1027 1038 1066 Antoniotti
1057 1027 1138 1056 card.

153 1088 175 1107 s.
201 1077 378 1107 Anastasiae
402 1077 433 1106 ιιι
456 1075 594 1105 absentia
620 1075 653 1104 B.
679 1074 759 1104 card.
784 1074 821 1103 de
845 1073 961 1103 Ursinis
984 1071 1139 1102 camerarii

157 1132 179 1151 s.
197 1122 335 1160 collegii
327 1121 420 1160 ipsius
436 1120 651 1150 camerariatus
667 1119 802 1148 officium
819 1117 949 1157 gerentis
976 1117 1031 1146 hac
1051 1116 1087 1145 de
1109 1126 1139 1145 re

156 1166 196 1195 ad
212 1166 277 1196 illos
298 1170 477 1195 mercatores
497 1165 597 1194 datae.
639 1163 689 1193 Ac
710 1163 830 1192 Miscell.
854 1162 912 1196 ΙΙΙ,
935 1164 961 1191 6.
1159 1162 1215 1190 577

230 1211 302 1249 Apr.
315 1211 334 1239 6
358 1210 392 1239 Β.
406 1209 486 1239 card.
501 1208 538 1238 de
552 1208 667 1238 Ursinis
679 1218 702 1237 s.
716 1207 830 1246 collegii
843 1206 1024 1236 camerarius
1036 1204 1140 1234 retulit

152 1255 224 1284 mihi
238 1255 368 1284 Hem-ico
380 1264 445 1293 epo.
458 1254 575 1287 Ortan.,
589 1252 682 1291 ipsius
694 1262 716 1281 s.
730 1251 844 1290 collegii
856 1251 971 1285 clerieo,
985 1249 1139 1279 decretum

152 1304 183 1329 et
201 1299 374 1329 ordinatum
392 1298 482 1328 fuisse
500 1297 531 1327 in
549 1296 726 1326 consistorio
743 1306 796 1335 per
813 1295 912 1334 ipsum
930 1306 952 1324 s.
972 1294 1138 1333 collegium,

153 1344 233 1383 quod
253 1343 418 1372 cardinales
439 1341 610 1375 Januensis,
633 1340 801 1375 Guroensis,
825 1339 960 1369 Sabellus
979 1343 1010 1368 et
1029 1338 1066 1367 de
1085 1338 1139 1367 Co-

154 1388 256 1417 lumna
276 1388 415 1417 absentee
435 1385 716 1424 versus'Neapolim
735 1384 817 1423 apud
838 1384 1021 1413 Francorum
1041 1392 1139 1421 regem

153 1437 217 1462 tam
242 1432 279 1461 de
305 1431 455 1471 praesenti
481 1440 572 1469 quam
598 1429 635 1459 de
660 1429 726 1459 aliis
751 1428 895 1468 proximis
931 1427 1138 1461 divisionibus,

152 1487 255 1506 eorum
276 1476 413 1506 absentia
434 1475 572 1509 durante,
595 1484 655 1503 non
677 1474 723 1510 (Ζ)
745 1473 876 1502 debeant
898 1472 1087 1511 participare,
1109 1475 1140 1500 et

154 1521 209 1550 hoc
231 1521 440 1550 authorizante
463 1519 492 1548 S.
516 1519 547 1548 P.
591 1519 622 1548 L.
645 1529 670 1547 c.
693 1518 712 1547 ι.
736 1521 762 1548 7.
1160 1517 1218 1546 578

231 1565 312 1595 Maii
334 1565 370 1594 11
406 1565 435 1594 S.
460 1564 492 1593 P.
516 1564 546 1592 in
568 1562 745 1592 consistorio
767 1567 890 1595 secreto,
915 1566 948 1590 ut
972 1560 1062 1590 moris
1083 1564 1138 1594 est,

154 1610 268 1639 creavit
283 1610 396 1648 legatos
409 1608 447 1638 de
461 1609 553 1638 latere
567 1607 606 1636 ad
620 1607 677 1636 civ.
694 1606 851 1645 Neapolim
876 1605 963 1635 videl.
988 1605 1027 1634 ad
1042 1614 1140 1643 regem

159 1654 342 1684 Francorum
372 1653 588 1683 Antoniottum
617 1650 818 1688 (Pallavicini)
857 1650 905 1679 tit.
943 1660 965 1679 s.
998 1648 1140 1679 Praxedis

153 1698 250 1737 presb.
263 1698 342 1728 card.
357 1708 400 1733 „s.
414 1696 611 1727 Anastasia&
625 1696 654 1732 ⁴)
667 1700 698 1724 et
710 1694 930 1724 Bernardinum
942 1694 990 1723 tit.
1003 1704 1026 1723 s.
1039 1693 1141 1723 Crucis

153 1742 184 1772 in
206 1743 323 1772 Hierus.
346 1742 442 1781 presb.
465 1740 545 1771 card.
569 1739 886 1778 ‚‚Cartbaginensem“.
929 1739 961 1768 L.
983 1749 1008 1768 c.
1161 1739 1217 1768 579

232 1787 313 1816 Maii
333 1786 371 1816 27
402 1786 450 1815 die
472 1785 608 1815 Mercurii
633 1784 661 1814 S.
686 1784 717 1813 P.
740 1783 877 1813 discessit
897 1783 937 1812 ab
958 1783 1038 1812 alma
1061 1782 1140 1813 Urbe

154 1841 244 1861 causa
267 1831 357 1861 eundi
381 1830 419 1860 ad
443 1830 500 1859 civ.
526 1829 710 1859 Urbevetan.
734 1838 804 1858 cum
827 1827 1025 1866 infrascriptis
1048 1826 1139 1861 card„

158 1876 235 1906 scil.:
263 1875 472 1914 Neapolitano,
497 1885 520 1903 s.
544 1873 658 1911 Angeli,
692 1872 896 1907 Ulixbonensi,
930 1871 1139 1905 Recanatensi,

154 1930 177 1949 s.
188 1920 358 1954 Clementis,
371 1918 533 1953 Parmensi,
546 1918 770 1951 Beneventano,
782 1916 900 1950 Ursino,
913 1915 1139 1954 Montisregalis,

155 1964 367 1998 Alexandrino,
383 1962 620 2002 Carthaginensi,
638 1961 770 1995 Senensi,
785 1972 808 1991 s.
827 1961 953 1999 Georgii,
971 1960 1140 1994 Valentino,

155 2008 193 2038 de
212 2008 386 2043 Caesarinis,
408 2007 545 2041 Ascanio,
565 2017 588 2036 s.
612 2005 754 2040 Severini,
775 2005 812 2035 de
834 2005 993 2040 Grimanis,
1014 2004 1051 2034 de
1072 2004 1141 2034 Far-

156 2053 246 2087 nesio,
269 2053 306 2082 de
329 2053 455 2082 Lunate.
499 2052 596 2081 Causa
617 2055 720 2080 autem
744 2049 833 2088 hujus
855 2049 1001 2079 discessus
1023 2049 1082 2078 fuit
1102 2048 1141 2078 ad

157 2097 334 2126 evitandum
357 2096 508 2131 scandala,
533 2105 610 2135 quae
627 2094 827 2124 verisimiliter
843 2094 950 2123 exoriri
974 2093 1143 2133 potuissent

155 2141 193 2170 de
208 2141 343 2171 adventu
359 2141 434 2179 regis
451 2141 555 2170 Franc.
572 2150 642 2169 cum
657 2138 790 2168 exercitu
806 2150 821 2167 e
838 2138 963 2177 Neapoli
980 2137 1141 2172 redeuntis,

157 2196 210 2224 per
220 2186 331 2215 Urbem
343 2185 508 2219 transituri,
519 2188 640 2214 attenta
650 2183 806 2213 hominum
816 2187 847 2212 et
857 2193 974 2212 morum
985 2182 1141 2216 varietate,

157 2230 332 2269 praesertim
349 2229 484 2268 gentium
501 2228 715 2267 armigeratum
733 2227 920 2257 diversarum
937 2227 1095 2257 nationum
1112 2230 1144 2255 et

157 2274 333 2309 factionum,
356 2284 433 2313 quae
454 2283 508 2312 pro
529 2272 690 2303 securitate
713 2271 741 2301 S.
766 2271 798 2301 P.
821 2276 852 2301 et
872 2276 972 2301 status
994 2271 1143 2300 Ecclesiae

160 2329 213 2357 per
223 2318 360 2348 dominos
372 2318 502 2347 Venetos
513 2322 544 2346 et
555 2316 715 2346 Mediolani
727 2316 834 2345 ducem
846 2315 998 2345 destinata
1010 2316 1141 2345 fuerunt.

158 2362 199 2392 Et
218 2363 417 2392 Antoniottus
437 2362 484 2391 tit.
505 2372 527 2391 s.
550 2361 637 2391 Prax.
659 2360 756 2399 presb.
777 2360 856 2389 card.
880 2371 922 2395 ,‚s.
944 2360 1142 2389 Anastasiae“

157 2417 194 2436 ex
217 2407 405 2436 ordinatione
430 2407 458 2436 S.
484 2407 515 2435 P.
540 2405 683 2435 remansit
707 2405 822 2443 legatus
845 2405 875 2434 in
898 2404 977 2434 alma
1001 2403 1081 2434 Urbe
1104 2403 1142 2433 ad

158 2451 362 2490 recipiendum
384 2461 482 2490 regem
505 2449 693 2489 praedictum
715 2453 745 2478 et
767 2449 996 2487 gubernandum
1020 2448 1141 2478 Urbem.

160 2495 215 2524 Die
244 2500 346 2525 autem
376 2495 478 2525 Lunae
509 2496 522 2524 l
555 2493 639 2523 Junii
669 2493 853 2523 Francorum
882 2503 931 2522 rex
963 2493 1078 2522 rediens
1106 2503 1142 2522 ex

160 2539 285 2579 Neapoli
313 2539 439 2569 intravit
466 2539 578 2569 Urbem
606 2538 679 2567 hora
706 2539 743 2567 20
769 2542 799 2566 et
826 2538 991 2567 associatus
1018 2548 1035 2566 a
1061 2537 1141 2566 card.

158 2594 181 2613 s.
196 2584 275 2613 Petri
287 2584 325 2613 ad
338 2584 414 2613 vinc.
427 2587 459 2613 et
470 2583 489 2612 J
492 2582 616 2612 anuensi
628 2592 680 2621 per
692 2582 772 2611 viam
784 2581 983 2611 Transtiberis
994 2581 1145 2620 equitavit

162 2638 264 2658 versus
281 2628 428 2667 palatium
445 2632 552 2667 apost,
570 2631 601 2656 et
617 2625 776 2656 cardinalis
793 2636 815 2655 s.
834 2626 1011 2655 Anastasiae
1029 2626 1144 2665 legatus

160 2673 243 2702 venit
263 2672 385 2702 obviam
406 2671 559 2711 Majestati
582 2671 668 2705 Suae,
691 2675 725 2700 ut
746 2670 827 2700 illam
848 2670 991 2709 reciperet
1013 2670 1042 2699 in
1062 2669 1145 2699 dicto

160 2717 286 2755 palatio:
308 2717 359 2756 qui
379 2726 519 2746 recusans
539 2715 642 2745 limina
662 2715 690 2744 b.
712 2714 793 2744 Petri
813 2714 976 2744 dumtaxat
997 2714 1142 2748 visitavit,

160 2766 264 2799 postea
285 2761 368 2790 venit
386 2760 424 2790 ad
445 2759 659 2799 hospitandum
679 2759 709 2788 in
729 2758 843 2797 palatio
861 2758 1020 2788 cardinalis
1039 2769 1061 2788 s.
1081 2759 1143 2788 Cle-

235 2862 262 2893 *)
282 2861 394 2888 Minime
419 2861 502 2895 igitur
527 2860 664 2887 Joannem
691 2859 799 2886 Mon-ton
826 2860 869 2886 tit.
896 2868 916 2885 s.
944 2859 1107 2885 Anastasius
1133 2859 1220 2893 presb.

164 2906 237 2932 card.
259 2905 530 2937 „Cantuariensem“.

1323 227 1432 257 mentis
1453 227 1483 255 in
1504 226 1599 265 burgo
1618 236 1642 255 s.
1663 225 1746 255 Petri
1765 224 1932 254 existentis.
1972 223 2030 253 Die
2049 226 2153 254 autem
2171 223 2311 254 Herculii

1322 273 1341 301 3
1355 271 1375 300 J
1377 271 1440 300 unii
1453 270 1590 300 discessit
1601 269 1642 299 ab
1655 269 1737 299 Urbe
1749 268 1905 308 praetatus
1917 277 1970 297 rex
1983 271 2097 297 etcum
2109 277 2165 298 sno
2176 267 2312 299 uesci&

1325 315 1476 354 equitavit
1497 325 1600 344 versus
1621 314 1714 343 Pisas.
1754 313 1806 343 AC
1826 311 1948 342 Miscell.
1970 311 2031 348 111,
2048 313 2084 349 ν6.
2326 313 2408 350 ΕΦ

1399 359 1492 388 Junii
1513 359 1552 388 27
1585 358 1633 387 die
1658 357 1785 387 Sabbati
1810 356 1839 386 S.
1864 357 1898 386 P.
1922 355 2040 388 rodim
2060 355 2100 387 de
2121 355 2309 392 urbeveteri.
2392 361 2416 394 εὖ,

1323 403 1446 433 Petusio
1457 407 1488 432 et
1499 403 1565 432 aliis
1576 402 1703 432 diversis
1713 401 1786 431 locis
1798 401 1827 431 S.
1841 401 1879 430 R.
1894 400 1928 430 E.
1941 399 2087 440 subjectis
2105 399 2234 431 intravit
2253 399 2310 432 Πτ-
2358 405 2366 438 ζ

1323 448 1392 478 bem
1405 458 1458 487 per
1470 451 1591 486 portam
1605 446 1633 476 b.
1647 446 1761 476 Mai-iae
1773 445 1810 475 de
1824 445 1941 484 Populo
1953 448 1986 475 et
1996 445 2164 476 associatus
2174 455 2195 476 a
2205 454 2310 485 supra-
2376 459 2378 461 >
2395 440 2402 443 '¹

1322 492 1412 522 dictis
1423 491 1504 522 card.
1517 496 1549 521 et
1560 490 1686 521 diversis
1697 489 1764 520 aliis
1774 489 1918 529 praelatis
1929 493 1961 519 et
1971 488 2153 520 officialibus
2163 488 2349 524 Remmia-5²
2357 479 2408 521 “272³

1323 542 1355 566 et
1382 536 1544 566 curialibus
1570 545 1639 565 cum
1666 534 1782 574 ingenti
1808 543 1921 573 pompa
1947 537 1980 564 et
2005 533 2162 573 triumpho
2186 533 2246 564 ivit
2269 531 2345 594 ⁸³?
2342 522 2418 575 u

1324 581 1471 620 palatium
1492 591 1515 610 s.
1538 580 1628 610 Petri.
1670 579 1703 609 L.
1725 589 1750 608 c.
1773 578 1794 608 ι.
1815 580 1843 607 8.
2314 598 2317 601 -
2322 563 2336 582 ’
2361 575 2364 578 ’

1400 723 1472 752 Jan.
1496 722 1535 751 28
1567 721 1616 751 die
1640 721 1728 750 Jovis
1750 721 1863 751 Paulus
1885 720 1980 750 ιιι...
2006 719 2086 750 Sixti
2106 718 2207 760 μηδ.
2227 718 2319 754 ωδ,
2332 721 2381 755 ..25
2402 710 2419 756 τ

1325 766 1487 797 Januensis
1509 776 1641 815 nuncup.
1665 765 1782 795 rediens
1804 775 1841 795 ex
1864 764 2003 804 partibus
2024 764 2163 804 Liguriae
2183 762 2342 797 insevit
2417 771 2420 772 ’

1325 812 1448 846 Urbem,
1470 810 1558 840 videl.
1579 810 1609 840 ιιι
1628 810 1754 840 (ιοιιιιιιιι
1773 820 1845 840 suae
1865 809 2063 839 habitationis
2080 818 2174 849 penes
2189 810 2347 846 m

1325 855 1494 895 Apostolos.
1537 855 1569 884 L.
1591 865 1616 884 c.
2329 844 2391 887 m
2414 858 2422 873 “»

1401 900 1483 929 Julii
1501 900 1520 929 6
1549 899 1598 928 die
1617 898 1755 929 Mercurii
1776 898 1805 929 S.
1826 898 1860 928 P.
1879 898 1911 928 in
1930 908 1985 928 suo
2003 897 2180 929 consistorio
2195 880 2337 934 ..σιώ
2399 909 2427 918 ⁴>

1324 944 1439 974 creavit
1468 944 1601 983 legatum
1630 943 1669 973 ad
1698 953 1798 983 regem
1827 943 1956 973 Roman.
1986 941 2233 982 Ber-(nardinum)
2259 939 2340 975 tit.
2408 958 2411 962 ’

1325 1000 1347 1019 s.
1368 989 1496 1018 Crucis'
1489 999 1519 1018 ιιι
1540 988 1638 1018 Jerus.
1659 987 1757 1027 presb.
1777 987 1858 1018 card.
1878 986 2133 1026 Cartaginensem,
2152 984 2329 1030 quiffib
2367 957 2425 1021 η

1325 1033 1501 1063 consistorio
1522 1033 1655 1063 sociatus
1676 1032 1736 1062 ιιιιι
1755 1031 1882 1062 (ιοιιιιιιιι
1904 1031 1978 1069 (scil.
2000 1031 2038 1062 de
2059 1030 2198 1068 Mellmis,
2216 1035 2341 1072 qus-s
2406 1044 2427 1050 ·

1324 1078 1387 1117 ipse
1403 1077 1483 1107 card.
1501 1076 1706 1114 inhabitabat)
1723 1087 1777 1116 per
1790 1076 1866 1107 alios
1880 1076 1972 1111 card„
1990 1080 2026 1106 ut
2041 1075 2133 1106 moris
2146 1078 2203 1107 est-
2233 1074 2269 1107 L.
2282 1082 2317 1111 ο.
2323 1067 2404 1113 ω
2404 1069 2426 1108 ἶ·

1400 1122 1482 1151 Julii
1494 1122 1534 1152 29
1558 1121 1714 1161 praefatus
1726 1120 1808 1151 card.
1823 1120 1960 1151 discessit
1973 1120 2014 1151 ab
2027 1119 2110 1151 Urbe
2122 1119 2350 1160 pmtoouirss
2406 1117 2410 1120 ’
2423 1113 2428 1120 ”

1324 1167 1355 1196 ιιι
1380 1177 1467 1196 suam
1492 1165 1682 1205 legationem,
1708 1165 1875 1196 associatus
1899 1175 1918 1195 a
1942 1165 2019 1195 dnis.
2045 1130 2144 1196 card.P
2250 1162 2352 1205 sd

1324 1211 1479 1241 ecclesiam
1499 1210 1589 1240 divae
1610 1210 1740 1250 Virginis
1758 1209 1797 1240 de
1818 1209 1943 1250 Populo.
1984 1209 2035 1240 AC
2054 1208 2176 1240 Miscell.
2246 1209 2315 1247 ,8,
2367 1199 2388 1213 ’“
2407 1206 2431 1245 fs

1325 1256 1378 1286 etr.
1402 1255 1510 1285 Burch.
1534 1255 1616 1285 Dim.
1639 1255 1657 1285 1
1679 1265 1704 1285 ο.
1726 1258 1750 1285 t.
1773 1254 1806 1285 11
1829 1265 1858 1295 p.
1880 1255 2042 1285 291—334.
2328 1191 2429 1291 ssi

1399 1293 2341 1339 Oa.26fiiitoonsistoriumsoeretum‚inq.uooerd.fls
2399 1326 2402 1331 ,

1324 1345 1443 1374 Lunate
1461 1349 1580 1374 creatus
1598 1349 1630 1374 et
1648 1343 1821 1384 publicatus
1839 1343 1899 1374 fuit
1917 1343 1927 1373 l
1927 1347 2034 1383 egatus
2051 1342 2092 1373 ad
2091 1308 2314 1375 qam
2368 1353 2370 1357 ·
2407 1342 2429 1374 ,ἶῖ

1324 1389 1541 1428 expugnationi
1570 1393 1759 1419 castrorum.
1786 1387 1941 1418 .Gentilis
1969 1387 2095 1427 virginii
2123 1385 2226 1419 Urdni
2252 1387 2312 1419 §ffl-
2352 1391 2359 1395 ’

1325 1434 1429 1464 Altera
1455 1433 1503 1463 die
1530 1433 1612 1463 card.
1640 1432 1679 1463 de
1705 1433 1833 1468 Lunata,
1861 1432 1988 1472 legatus,
2015 1435 2048 1462 et
2073 1431 2137 1462 dux
2164 1428 2311 1467 (hudhe.
2331 1450 2333 1453 «
2382 1428 2394 1456 s

1324 1478 1510 1518 capitaneus,
1530 1488 1600 1508 cum
1618 1477 1694 1508 duce
1713 1477 1820 1508 Urbini
1838 1487 1874 1507 ac
1892 1476 2033 1508 omnibus
2050 1485 2155 1507 eorum
2170 1473 2315 1516 geum
2383 1475 2389 1493 ²

1369 1523 1532 1552 .exierunt
1545 1522 1660 1553 Urbem
1672 1521 1745 1552 ituri
1757 1521 1798 1552 ad
1997 1531 2028 1551 m
2040 1525 2073 1551 et
2085 1520 2160 1551 alias
2171 1522 2269 1552 ιιι..
2279 1521 2328 1551 00¹

1326 1546 1391 1597 loca
1409 1567 1537 1597 Gentilis
1552 1566 1678 1606 virginii
1693 1565 1804 1602 Ursini,
1825 1566 1927 1597 omnis
1941 1575 2108 1596 suocesmve
2121 1563 2311 1596 dohellsim.
2411 1575 2433 1592 τ..

1326 1612 1436 1641 Burch.
1460 1611 1540 1641 Diar.
1564 1611 1582 1642 l.
1603 1621 1629 1641 c.
1651 1621 1680 1651 p.
1702 1612 1811 1642 336οι
1830 1612 1896 1641 837.
2330 1607 2423 1640 88

1403 1656 1470 1686 Dec.
1487 1656 1525 1686 16
1549 1655 1802 1691 cardColumna,
1817 1651 2313 1695 quipoetreoeunmngisrna-

1325 1701 1388 1730 ciae
1401 1701 1432 1730 in
1447 1700 1528 1731 Urbe
1541 1710 1602 1731 non
1615 1700 1683 1736 ιιιιι,
1697 1710 1716 1730 a
1727 1700 1790 1730 suis
1801 1699 1956 1730 duntaxat
1967 1698 2134 1730 associatus
2145 1697 2187 1729 sd
2198 1696 2315 1730 Uria-s
2406 1695 2412 1698 ⁰

1327 1744 1424 1775 rediit.
1467 1745 1499 1775 L.
1521 1755 1546 1775 c.
1569 1755 1598 1784 p.
1619 1746 1686 1775 341.
2322 1739 2429 1781 *,5,

1404 1782 2428 1820 Doe.18Jomnoes.Msriseinvislstsdiso.eud.”f-1

1326 1835 1496 1873 capuanus,
1517 1834 1596 1864 sedis
1607 1837 1706 1874 apost·
1727 1833 1852 1873 legam,
1872 1843 1891 1863 a
1909 1832 1972 1863 suis
1983 1827 2317 1864 duum-tancane·-

1327 1889 1381 1918 per
1406 1883 1527 1918 portam
1553 1878 1787 1908 Lateranensem
1812 1877 1941 1908 intravit
1967 1876 2080 1908 Urbem
2106 1879 2139 1907 et
2162 1872 2317 1917 equit-vit
2429 1869 2433 1871 Δ

1327 1933 1421 1963 usque
1438 1923 1478 1953 ad
1496 1922 1713 1954 monasterium
1729 1932 1752 1953 s.
1771 1922 1883 1953 Mariae
1900 1931 2006 1957 novae,
2025 1920 2077 1951 ubi
2094 1919 2269 1960 hospinia-
2280 1921 2316 1951 d
2385 1958 2388 1959 ⁷

1327 1967 1422 1997 altera
1438 1967 1487 1997 die
1503 1967 1543 1998 ab
1560 1967 1626 1998 aliis
1642 1966 1722 1997 card.
1741 1971 1880 2006 receptus
1896 1966 1935 1996 ad
1952 1965 2102 2006 palatim
2117 1967 2216 2005 apost.
2228 1971 2315 2001 a-o·
2349 1968 2352 1969 ’
2374 1972 2396 2005 g
2410 1962 2429 2002 s]

1327 2012 1424 2042 ciatus
1445 2018 1499 2042 cst.
1542 2012 1574 2042 L.
1596 2022 1622 2042 c.
1643 2022 1673 2051 p.
1695 2012 1856 2042 341-443.
2318 2004 2391 2043 Μ
2423 2025 2433 2042 r.

1405 2057 1472 2086 Dec.
1484 2056 1524 2087 22
1546 2057 1576 2087 in
1588 2066 1654 2087 sero
1665 2055 1746 2087 card.
1758 2055 1797 2086 de
1810 2055 1936 2086 Sabellis
1946 2054 1987 2085 ad
1999 2054 2112 2086 Urbem
2122 2051 2317 2087 rediitsnfi
2355 2067 2359 2070 ·
2393 2077 2401 2090 „

1327 2101 1481 2131 duntaxat
1505 2101 1672 2131 associatus
1695 2104 1727 2131 et
1750 2110 1820 2131 cum
1844 2110 1880 2130 eo
1904 2100 2012 2130 Petrus
2035 2109 2083 2139 ep.
2107 2098 2313 2135 caesanam..
2341 2110 2346 2115 ²

1327 2146 1427 2175 curiae
1448 2155 1607 2176 causarum
1629 2145 1812 2185 apostolicae
1832 2143 1978 2184 generalis
1997 2143 2128 2180 auditor,
2150 2141 2203 2183 qni
2222 2140 2317 2177 111ὶο
2357 2142 2366 2181 f

1328 2190 1402 2219 alias
1423 2200 1521 2229 regem
1543 2189 1686 2220 Franciae
1706 2189 1746 2220 ab
1767 2189 1848 2220 Urbe
1868 2188 2057 2219 recedentem
2075 2186 2172 2218 secuti
2190 2189 2265 2218 sunt
2281 2187 2316 2217 st
2346 2191 2359 2211 ¹?

1328 2234 1368 2264 ab
1382 2245 1417 2264 ea
1431 2234 1479 2264 die
1492 2234 1569 2264 citra
1582 2234 1622 2264 sd
1636 2234 1750 2265 Urbem
1765 2244 1859 2274 usque
1874 2232 1964 2264 modo
1977 2242 2038 2264 non
2051 2230 2171 2263 reversi.
2197 2229 2236 2263 ln
2246 2236 2316 2262 κο
2415 2235 2426 2248 ²

1328 2279 1465 2318 sequenti
1487 2279 1650 2309 visitarunt
1671 2278 1830 2309 Summum
1851 2278 1950 2313 Pons,
1971 2287 1990 2307 a
2010 2286 2071 2317 quo
2090 2276 2214 2307 sumt
2230 2283 2316 2307 m
2410 2280 2429 2309 ³?

1328 2323 1417 2353 solito
1438 2324 1558 2363 recepti.
1601 2323 1634 2353 L.
1655 2334 1680 2353 c.
1703 2334 1732 2363 p.
1754 2324 1819 2353 343.
2327 2310 2425 2363 *4

1810 2396 1912 2433 1497.

1404 2456 1477 2486 dmi.
1492 2456 1510 2486 4
1536 2456 1565 2486 S.
1582 2456 1618 2486 R.
1635 2456 1669 2486 E.
1683 2455 1880 2486 cardinalium
1895 2453 2099 2485 taminUrbe
2405 2486 2415 2490 ,-

1330 2511 1422 2540 quam
1436 2501 1607 2530 absentium
1622 2500 1745 2531 nomina
1758 2500 1881 2530 fuerunt
1894 2499 1973 2537 40³),
1987 2498 2141 2529 videlicet:
2165 2495 2316 2528 Olim
2347 2507 2350 2509 ’
2414 2532 2420 2542 Ι

1328 2555 1375 2585 ep.
1392 2545 1531 2575 Sabinen.
1546 2545 1626 2575 card.
1642 2544 1860 2584 Neapolitanus
1873 2543 1953 2583 vulg.
1967 2552 2099 2593 nuncup.
2113 2543 2155 2581 (v.
2168 2551 2192 2572 s.
2206 2540 2314 2580 ηδ).
2410 2567 2431 2579 .

1331 2589 1471 2619 Julianus
1489 2599 1535 2628 ep.
1555 2589 1680 2625 Ostien„
1700 2588 1797 2628 major
1814 2587 2072 2628 poenitentiarius,
2090 2586 2172 2617 card.
2189 2595 2214 2617 a.
2231 2583 2316 2617 Petri
2361 2603 2363 2605 ν
2407 2587 2413 2612 ’ἑ

1329 2634 1367 2663 ad
1391 2634 1468 2663 vinc.
1493 2634 1572 2673 vulg.
1597 2643 1727 2673 nuncup.
1752 2632 1834 2671 (vn,
1857 2634 1897 2669 2),
1922 2631 2063 2671 Baptista
2084 2641 2131 2671 ep.
2153 2629 2314 2661 Tusculum.
2409 2642 2413 2651 .

1405 2726 1432 2758 ⁶)
1451 2725 1501 2752 νοι
1524 2726 1618 2760 potius
1638 2725 1686 2757 ας
1718 2733 1784 2751 nam
1806 2724 2014 2757 Amoueamu-
2035 2724 2080 2750 ιιι.
2102 2731 2124 2750 ι
2148 2720 2280 2749 mnan·
2300 2714 2419 2759 ηιξ

1333 2769 1407 2796 card.
1423 2778 1444 2796 s.
1462 2770 1626 2796 Anastasise
1640 2772 1670 2796 et
1685 2769 1810 2796 Joannss
1824 2769 1868 2795 tit.
1884 2777 1906 2795 s.
1924 2768 2067 2795 Suu-anas
2082 2766 2171 2802 prob.
2186 2764 2261 2793 ossi!-
2276 2762 2419 2798 ΜΞ

1332 2812 1954 2849 regalisooniusisnntinunumscribenso:
1983 2811 2241 2844 ..Antoniusflta
2328 2822 2357 2828 ··
2388 2838 2391 2841 ,

1333 2858 1422 2893 presb.
1444 2858 1518 2885 card.
1540 2857 1770 2892 Montisregalis,“
1791 2856 1935 2891 Philippus
1955 2860 2051 2883 autem
2070 2856 2115 2883 ιιι.
2136 2863 2172 2882 ι.
2192 2852 2343 2882 W
2360 2852 2421 2881 ‘³³

1332 2902 1407 2929 Petri
1428 2902 1516 2937 presb.
1539 2902 1613 2928 card.
1635 2901 1670 2928 de
1691 2901 1881 2936 Luoomburgo
1901 2901 2019 2927 orni-us
2038 2903 2089 2927 αι.
2403 2893 2404 2896 “
