2436 3328
626 199 874 238 Archadien„
895 199 1075 238 Archen„
1097 198 1382 239 Ardachaden„
1405 198 1602 233 Arelaten.
2193 200 2234 232 93

551 296 795 331 Archadien.
821 295 997 338 (Arkadi)
1021 297 1055 328 in
1080 291 1147 329 ins.
1168 296 1276 336 Creta,
1301 296 1391 328 suffr.
1416 296 1546 328 Creten.
1569 297 1627 336 (45
1651 297 1701 339 fl.)

26 406 435 416 ..........
472 382 597 413 Marcus
619 381 754 420 (Zusto),
777 390 865 421 prov.
891 381 969 411 1460
989 379 1064 411 Dec.
1087 381 1116 417 3,
1139 379 1200 411 obl.
1224 390 1256 411 se
1427 380 1505 410 1460
1532 379 1607 411 Dec.
1639 381 1677 410 10
1707 380 1777 411 Obl.
1801 380 1850 418 76,
1875 381 1932 411 194

21 435 73 469 ob.
94 435 198 468 ultimi
219 445 268 476 ep.
474 435 650 474 (Georgius)
673 433 710 464 A.
735 433 912 464 Alexander
1427 433 1503 463 1489
1530 432 1620 464 Febr.
1651 434 1684 463 11
1707 434 1759 464 AC
1781 433 1901 464 Camer.
1926 433 1951 471 Ι,
1975 434 1993 464 2

21 489 73 523 ob.
97 488 221 530 Georgii
475 488 613 519 Joannes
642 486 822 517 Alexander
852 486 987 527 Georgii,
1017 485 1088 517 cler.
1109 486 1242 523 Creten„
1272 486 1383 516 minor.
1426 486 1500 516 1501
1532 486 1606 527 Apr.
1637 487 1676 517 28
1707 486 1754 517 Al.
1778 486 1822 518 VI
1844 497 1873 517 a.
1896 488 1914 517 6
1935 486 2006 518 Lat.
2029 486 2048 518 l.
2071 488 2109 518 22
2131 486 2152 518 f.
2175 486 2234 518 376

485 595 730 631 Arohadion.
753 595 983 638 (Archadia)
1006 596 1041 627 in
1063 596 1175 628 Africa
1199 596 1263 628 sub
1284 598 1368 637 patr.
1396 596 1609 628 Alexandrin.
1635 596 1689 637 (Ρ),
1714 597 1762 628 tit.

24 706 436 715 ..........
474 682 610 713 Jacobus

19 734 72 767 ob.
97 734 210 767 Jacobi
473 734 599 766 carolus
624 733 663 764 de
688 733 848 774 NourayQ
875 744 944 764 can.
972 733 1149 774 Burdegal.,
1177 733 1315 773 nobilisl)
1426 733 1502 764 1477
1533 733 1606 764 Jan.
1635 734 1675 763 24
1708 732 1778 764 Obl.
1801 734 1850 770 83,
1874 734 1912 764 46

19 786 72 820 ob.
95 787 197 820 Caroli
473 788 626 819 Heurieus
650 786 794 817 Pellerini
819 786 855 817 O.
883 785 913 817 S.
940 786 988 823 B„
1014 786 1062 817 110.
1088 787 1119 817 111
1145 786 1190 818 111.
1217 790 1249 818 01
1273 786 1382 826 decr.2)
1426 788 1499 817 1481
1531 786 1605 817 Maii
1635 787 1654 816 4
1708 786 1778 817 Obl.
1802 787 1850 823 83,
1874 786 1910 817 71

18 839 62 872 ob
64 865 436 872 ..........
476 840 640 875 Gregorius
660 839 699 870 de
721 839 890 870 Temesvar
1426 841 1502 870 1494
1531 839 1605 870 Maii
1635 840 1673 869 26
1707 839 1759 870 AC
1781 839 1901 870 Camer.
1926 839 1951 877 I,
1975 840 2013 870 39

20 897 108 926 certo
128 893 224 925 modo
475 893 646 924 Guilelmus
672 892 711 923 de
739 892 844 923 Furno
872 892 908 923 Ο.
938 892 989 923 Er.
1018 903 1042 923 s.
1071 893 1119 929 Α.,
1148 903 1230 933 mag.
1259 892 1381 932 theol.³)
1425 894 1501 923 1496
1529 892 1604 923 Dec.
1634 893 1652 922 2
1707 892 1758 923 AC
1781 892 1901 923 Camer.
1926 892 1951 930 Ι,
1974 894 2010 923 51

20 946 72 978 ob.
97 946 244 978 Guilelml
474 946 580 977 Simon
602 945 705 976 Hutin
729 945 766 976 Ο.
790 945 904 982 001111,
928 956 1010 986 mag.
1035 945 1157 984 thcol.⁴)
1425 946 1497 976 1501
1530 945 1606 976 Julii
1634 946 1652 975 5
1703 945 1755 976 AC
1777 945 1897 977 Camer.
1922 945 1947 983 I,
1971 947 2009 976 96

823 1054 997 1089 Archon.
1022 1055 1056 1086 in
1080 1055 1237 1087 Armenia
1260 1055 1349 1095 min„
1374 1055 1423 1088 tit.

1 1155 5 1159 ·
25 1164 433 1173 ..........
441 1133 449 1187 Ι
469 1139 605 1170 Thomas
634 1138 672 1170 Ο.
700 1139 787 1176 Μ111.,
817 1139 903 1170 baec.
933 1139 965 1170 in
995 1139 1089 1170 theol.
1121 1139 1188 1178 (cfr.
1218 1139 1381 1178 Tharsen.)
1403 1133 1499 1187 {1449
1532 1139 1608 1171 Julii
1636 1140 1655 1170 4
1690 1134 1776 1186 {Obl.
1800 1139 1849 1177 72,
1872 1139 1910 1170 37

485 1248 769 1283 Ardaohaden.
794 1248 984 1293 (Ax-dagh)
1008 1249 1040 1280 in
1067 1249 1237 1290 Hibernia,
1261 1250 1352 1281 suffr.
1376 1250 1573 1282 Armachan.
1598 1250 1697 1292 (33¹s3
1720 1250 1767 1291 fl.)

29 1334 80 1366 ob.
102 1334 278 1374 Riohardil)

34 1411 442 1419 ..........
481 1387 629 1422 Joannes,
652 1397 741 1427 prov.
769 1387 846 1417 1462
871 1386 935 1417 Jul.
958 1387 1007 1423 30,
1030 1385 1092 1416 obl.
1115 1396 1147 1417 se

27 1439 69 1472 ob
72 1464 442 1472 ..........
478 1440 622 1471 Donatus
645 1439 808 1480 Offergan,
834 1450 902 1470 can.
927 1439 984 1480 ips.
1009 1438 1109 1478 eccl.³)

33 1517 442 1525 ..........
481 1493 629 1528 Joannes,
653 1503 742 1533 prov.
770 1492 846 1522 1471
874 1492 938 1524 Jul.
963 1493 1011 1529 28,
1036 1491 1097 1523 obl.
1121 1503 1154 1523 se

482 1546 653 1578 Guilelmus
679 1545 826 1576 O’Ferral
854 1545 890 1576 Ο.
917 1545 992 1576 Cist.
1020 1545 1052 1584 (†
1079 1546 1167 1584 1516)

26 1545 79 1578 ob.
101 1545 158 1577 ult.
181 1546 318 1587 episcopi

480 1334 657 1369 cormacus,
680 1333 765 1374 prior
789 1333 903 1364 domus
925 1333 956 1364 b.
980 1333 1097 1364 Mariae
1119 1333 1158 1364 de
1180 1333 1395 1374 Drymletha2)
1438 1334 1514 1363 1444
1539 1333 1621 1364 Nov.
1648 1335 1666 1364 6
1710 1333 1779 1364 Obl.
1803 1333 1851 1371 72,
1875 1335 1894 1364 8

1437 1387 1514 1416 1462
1539 1386 1621 1417 Nov.
1648 1387 1686 1417 26
1711 1386 1830 1417 Schede
1852 1387 1884 1418 di
1908 1386 2059 1428 Garampi

1438 1439 1514 1470 1467
1546 1439 1616 1470 Oct.
1650 1441 1686 1470 12
1710 1439 1780 1471 Obl.
1803 1441 1852 1477 83,
1875 1439 1893 1471 7

1438 1492 1514 1523 1472
1545 1492 1627 1523 Nov.
1662 1493 1697 1523 16
1711 1492 1830 1524 Schede
1852 1493 1884 1523 di
1908 1492 2060 1534 Garampi

1438 1546 1516 1575 1480
1540 1545 1620 1586 Aug.
1647 1547 1667 1576 4
1709 1546 1779 1577 Obl.
1803 1547 1852 1583 83,
1875 1547 1913 1576 62

542 1645 750 1681 Arelaten-
776 1645 918 1687 (Arles)
942 1647 976 1678 in
1001 1646 1117 1687 Gallia,
1141 1647 1281 1687 metrop.
1307 1647 1407 1686 (2000
1428 1647 1462 1679 ss.
1486 1647 1527 1678 al.
1555 1647 1639 1679 1400
1661 1647 1710 1688 ss.)

22 1729 74 1762 ob.
96 1729 276 1770 Ludovici1)

23 1793 81 1814 res.
103 1782 190 1814 Petri

22 1835 75 1867 ob.
99 1835 237 1877 Philippi
261 1846 289 1867 a.
315 1847 339 1867 s.
365 1835 421 1876 a.³)

22 1887 74 1920 ob.
97 1888 287 1927 Eustachii5)

22 1940 73 1973 ob.
95 1941 165 1972 Nic.
189 1942 293 1981 (1499)

474 1731 584 1763 Petrus
605 1730 689 1762 card.
712 1731 751 1762 de
775 1730 890 1769 Fuxo2)

375 2082 536 2109 Archadien.
556 2083 722 2114 (Archadia.)

96 2124 118 2157 ¹)
136 2126 192 2152 Lic.
210 2126 238 2151 in
254 2125 336 2156 decr„
353 2126 397 2151 cui
413 2126 523 2151 conced.
541 2126 592 2152 fac.
610 2135 697 2152 exerc.
716 2126 813 2160 pontif.
831 2127 859 2152 in
876 2127 927 2153 civ.
945 2130 974 2153 et
989 2127 1074 2153 dioec.

26 2169 197 2196 Iomberien.
222 2178 254 2195 ac
277 2178 350 2195 mon.
375 2178 395 2195 s.
420 2170 545 2204 Dionysii
569 2171 596 2196 in
619 2171 744 2202 Francia,
767 2179 848 2204 super
872 2179 988 2204 quorum
1011 2171 1074 2197 eccl.

26 2215 56 2240 et
75 2221 148 2239 mon.
170 2213 305 2239 fructibus
325 2214 349 2239 ei
369 2214 524 2247 assignatur
543 2223 636 2240 annua
656 2215 750 2248 pensio
770 2215 822 2241 200
841 2215 911 2246 libr„
932 2216 1077 2241 reservatis

24 2257 50 2284 ei
68 2257 128 2284 aliis
146 2266 217 2291 quae
235 2258 343 2284 obtinet
362 2258 508 2284 beneficiis.

93 2301 118 2334 2)
137 2301 250 2328 Nobilis.
301 2302 351 2328 Cui
376 2302 485 2328 conced.
513 2303 540 2327 in
565 2311 663 2328 comm.
691 2311 763 2328 mon.
790 2303 816 2329 b.
842 2303 944 2329 Mariae
970 2304 1076 2329 Fontis-

25 2345 114 2372 dulcis
132 2345 164 2372 O.
186 2346 212 2372 S.
234 2346 265 2372 B.
286 2346 370 2372 dioec.
392 2347 576 2377 Xanctonen„
596 2347 675 2379 cujus
693 2347 780 2372 abbas
799 2350 866 2373 erat.

97 2389 120 2422 ¹)
138 2389 188 2416 Cui
203 2390 313 2416 conced.
331 2390 382 2416 fac.
400 2399 486 2416 exerc.
506 2391 602 2424 pontif.
620 2391 647 2416 in
664 2391 716 2417 civ.
733 2394 762 2416 et
777 2391 861 2417 dioec.
879 2391 1076 2417 Cathalaunen.

96 2433 120 2466 ⁴)
142 2434 194 2466 Qui
212 2435 321 2461 constit.
340 2435 452 2468 suffrag.
472 2435 523 2468 epi.
542 2435 715 2466 Cathalaun„
734 2436 831 2469 assign.
851 2436 875 2461 01
892 2444 984 2461 annua
1002 2444 1076 2470 pens.

25 2477 79 2504 200
95 2477 154 2504 libr.
173 2478 237 2504 Tur.

460 2524 645 2551 Ardachaden.

99 2565 121 2598 ¹)
140 2565 217 2592 Inter
230 2574 293 2592 eum
307 2570 336 2592 et
350 2567 511 2593 Cormacum
526 2567 600 2601 apud
615 2567 695 2593 Gams
711 2576 735 2601 p.
753 2568 804 2593 205
819 2571 973 2593 recensetur
988 2568 1078 2598 „Mac-

32 2601 202 2636 s'nmhadran
225 2610 257 2636 el.
283 2611 377 2642 1445“‚
400 2611 531 2637 Cormaco
554 2611 587 2637 ad
612 2620 635 2637 a.
663 2613 730 2637 1460
752 2612 903 2645 adscriptoe
936 2612 982 2637 sed
1006 2612 1077 2637 Mac·
1130 2625 1132 2654 ξ

31 2653 203 2680 Samhadran
222 2657 251 2680 et
269 2654 416 2681 cormacus
435 2664 506 2681 unus
526 2656 652 2689 idemque
672 2664 730 2681 esse
750 2656 866 2681 videtur.

99 2697 120 2730 1)
140 2697 171 2724 Ο.
197 2698 242 2724 Er.
267 2707 287 2724 s.
313 2699 344 2725 A.
369 2699 453 2725 dioec.
478 2700 614 2731 Tribum.‚
638 2700 691 2726 def.
717 2703 774 2726 nat.
800 2700 914 2734 patiens.

98 2741 120 2774 ³)
139 2741 316 2768 Desideratus
333 2743 407 2777 apud
425 2744 512 2770 Gamo.

100 2829 121 2863 ¹)
140 2829 194 2856 Tit.
214 2838 234 2856 ε.
254 2830 385 2857 Caeciliae
403 2789 631 2866 Presbfiffgfft
650 2841 709 2866 nep.
731 2833 812 2863 Arel.‚
832 2833 878 2866 qui
897 2832 941 2858 die
962 2833 989 2858 11
1012 2832 1076 2866 Apr.

28 2918 245 2952 congregationis
264 2919 417 2944 Basileen.“
436 2920 491 2945 suis
509 2920 690 2954 dignitatibus
709 2923 737 2946 et
756 2921 924 2946 commcndis
944 2921 1077 2954 pn'vatus,

27 2969 46 2988 ι
59 2961 118 2988 Nic.
134 2961 158 2988 V
173 2963 318 2988 restitutus
332 2966 374 2989 est
390 2963 447 2995 (cfr.
463 2972 545 2998 supra
561 2973 586 2998 p.
605 2966 655 2996 ll).
686 2965 800 2990 Interim
815 2965 916 2990 admin.
933 2965 996 2990 eccl.
1013 2965 1076 2990 Are-

1431 1732 1508 1761 1450
1537 1730 1622 1772 Sept.
1651 1732 1690 1761 25
1710 1730 1780 1762 Obl.
1804 1730 1852 1768 72,
1875 1731 1914 1761 43

475 1784 633 1820 Philippus
657 1783 696 1814 de
721 1783 824 1821 Levis,
850 1794 918 1824 aep.
945 1783 1038 1820 Aux.,
1063 1783 1141 1814 solv.
1167 1794 1247 1814 serv.
1273 1794 1386 1814 comm.
1430 1785 1506 1814 1463
1531 1784 1624 1814 Mart.
1651 1785 1689 1814 24
1710 1783 1779 1815 Obl.
1803 1783 1852 1820 79,
1875 1784 1914 1814 48

475 1837 662 1868 Eustachius
689 1836 739 1876 (de
765 1837 881 1876 Levis),
908 1836 1006 1867 frater
1030 1847 1125 1877 germ.
1153 1836 1315 1877 Philippi4)

475 1890 620 1921 Nicolaus
642 1889 766 1930 (Cybo),
790 1900 896 1930 aepus.
920 1889 1080 1920 Cusentin.

476 1942 614 1974 «Ioannes
636 1943 754 1980 Ferrer,
777 1953 825 1983 ep.
849 1942 985 1973 Melfien.
1010 1943 1041 1982 (†
1065 1943 1154 1981 1521)

1430 1836 1506 1868 1475
1532 1837 1613 1867 Nov.
1640 1837 1679 1867 20
1710 1837 1779 1868 Obl.
1803 1838 1852 1873 83,
1875 1837 1914 1867 39

1430 1891 1506 1920 1489
1535 1890 1609 1931 Apr.
1640 1890 1678 1920 24
1709 1890 1760 1921 AC
1783 1890 1903 1920 Camer.
1927 1889 1953 1926 I,
1976 1890 1994 1920 3

1430 1944 1505 1973 1499
1535 1942 1612 1974 Julii
1640 1943 1678 1973 26
1709 1943 1761 1973 AC
1783 1943 1903 1973 Camer.
1927 1942 1953 1979 Ι,
1976 1942 2014 1973 76

1182 2083 1264 2109 laten.
1289 2083 1411 2109 Roberto
1433 2083 1541 2117 Rogerii
1563 2083 1643 2115 (1440
1663 2083 1728 2108 Maii
1750 2083 1805 2115 28),
1826 2082 1949 2108 Barthol.
1972 2083 2006 2109 de
2024 2083 2137 2117 Cingulo
2156 2084 2236 2115 (1442

1183 2127 1244 2153 Oct.
1266 2128 1311 2159 26)
1342 2130 1370 2153 01
1390 2127 1493 2154 Joanni
1512 2127 1546 2152 de
1567 2127 1714 2152 Bellavalle
1734 2127 1813 2159 (1443
1834 2127 1904 2153 Nov.
1926 2127 1971 2159 20)
1997 2128 2141 2153 commissa
2166 2130 2233 2153 erat.

1187 2171 1247 2202 Quo
1267 2172 1333 2198 1447
1351 2172 1412 2197 Oct.
1432 2172 1465 2197 29
1482 2172 1510 2197 111
1527 2180 1617 2205 epum.
1637 2171 1811 2204 Andegaven.
1848 2174 1975 2204 promoto
1993 2171 2027 2197 fit
2043 2180 2135 2205 aepus.
2163 2171 2234 2197 Atel.

1183 2217 1278 2243 Petrus
1292 2216 1327 2241 de
1342 2216 1425 2246 Lacu,
1441 2215 1528 2241 abbas
1543 2224 1615 2241 mon.
1632 2224 1652 2241 s.
1669 2215 1739 2241 Vict.
1756 2215 1912 2246 Massilien„
1932 2216 1979 2249 qui
1995 2215 2105 2249 quidem
2120 2224 2233 2249 possess.

1183 2260 1254 2285 illius
1276 2260 1339 2285 eccl.
1362 2268 1417 2285 non
1439 2260 1557 2293 adeptus
1572 2268 1630 2285 esse
1651 2259 1772 2290 videtum
1798 2260 1864 2285 1449
1886 2268 1946 2285 eam
1969 2260 1997 2285 in
2013 2268 2110 2285 comm.
2127 2260 2235 2286 obtinet

1185 2305 1333 2331 Guilelmus
1353 2304 1425 2329 card.
1447 2304 1481 2329 de
1502 2304 1690 2329 Estouteville.
1734 2303 1787 2329 cfr.
1810 2303 1870 2329 Obl.
1893 2305 1935 2334 66,
1956 2305 1987 2329 51
2010 2306 2039 2329 01
2058 2304 2233 2338 Andegaven.

1184 2352 1241 2374 not.
1258 2349 1282 2373 4.
1298 2363 1333 2366 —
1347 2348 1396 2373 Ille
1413 2348 1518 2374 Ludov.
1534 2348 1603 2373 obiit
1620 2349 1686 2374 1450
1703 2348 1776 2381 Sept.
1795 2349 1827 2374 16
1842 2348 1869 2373 in
1884 2351 2022 2374 conventu
2037 2348 2153 2374 fratrum
2167 2348 2232 2374 Min.

1184 2392 1235 2418 loci
1254 2392 1288 2418 de
1309 2392 1423 2418 Sallone.

1255 2436 1276 2468 ²)
1296 2436 1342 2462 Ita
1371 2439 1403 2462 ut
1432 2436 1494 2462 eccl.
1526 2436 1654 2461 Arelaten
1684 2437 1798 2462 retinere
1828 2437 1914 2469 possit
1943 2444 2062 2462 unacum
2091 2436 2234 2467 Albanen„

1185 2480 1340 2511 Lascuren.‚
1356 2480 1546 2506 Convenarum
1562 2480 1624 2506 eccl.
1641 2480 1755 2514 aliisque
1769 2480 1946 2511 commendis,
1962 2480 2061 2514 quibus
2075 2480 2234 2514 adjungitur

1185 2533 1283 2550 comm.
1303 2533 1374 2550 mon.
1393 2524 1551 2550 Monasterii
1569 2525 1687 2557 majoris.

1255 2569 1276 2600 ³)
1298 2570 1366 2595 1475
1383 2569 1453 2594 Nov.
1472 2570 1496 2594 4.

1255 2612 1276 2644 ⁴)
1297 2613 1438 2638 Protonot.
1458 2616 1557 2646 apost„
1576 2613 1619 2638 cui
1637 2612 1747 2638 conced.
1766 2613 1793 2638 in
1812 2621 1910 2638 comm.
1930 2621 2002 2638 mon.
2021 2613 2235 2645 Montismajoris

1130 2655 1132 2676 ἶ
1185 2656 1216 2682 O.
1236 2656 1262 2682 S.
1280 2657 1311 2682 B.
1330 2657 1466 2682 Arelaten.
1484 2665 1542 2682 vac.
1562 2665 1609 2690 per
1624 2657 1667 2682 ob.
1685 2657 1769 2690 ipsius
1784 2656 1903 2690 Philippi
1919 2656 2081 2687 commend„
2097 2659 2235 2682 reservata

1130 2697 1132 2709 ⁴
1184 2709 1266 2734 super
1285 2701 1345 2733 ejus
1366 2701 1500 2726 fructibus
1520 2701 1635 2734 antiqua
1654 2701 1790 2734 pensione.
1811 2701 1884 2726 Mon.
1906 2709 1926 2726 s.
1950 2701 2090 2726 Saturnini
2108 2701 2233 2727 Tolosan.

1184 2744 1215 2770 O.
1237 2753 1258 2770 s.
1280 2745 1312 2770 A.
1334 2754 1393 2771 vac.
1415 2754 1462 2779 per
1481 2745 1525 2770 ob.
1547 2745 1670 2778 ejusdem
1690 2745 1758 2770 Phil.
1780 2745 1938 2770 conceditur
1957 2745 1985 2770 in
2004 2753 2101 2770 comm.
2122 2744 2235 2779 Aegidio

1184 2789 1218 2814 de
1235 2789 1311 2815 Valle
1326 2789 1370 2815 die
1386 2790 1417 2815 31
1437 2789 1500 2816 Jan.
1524 2790 1598 2816 1476.
1631 2789 1683 2815 cfr.
1704 2789 1772 2814 Gall.
1790 2789 1882 2815 christ.
1901 2797 1964 2814 nov.
1982 2791 2010 2814 et
2026 2797 2108 2823 supra
2124 2797 2184 2823 pag.
2201 2789 2236 2815 48

1131 2847 1132 2858 ;
1185 2841 1225 2858 nr.
1245 2834 1278 2859 50
1298 2853 1304 2859 .

0 2878 4 2880 ”
30 2874 98 2900 1440
122 2874 158 2900 ab
183 2874 252 2908 Eug.
280 2874 319 2901 IV
346 2875 400 2906 „ob
425 2875 630 2902 adhaerentiam
657 2877 846 2902 schismaticae
872 2880 900 2902 et
927 2877 1079 2902 haereticae
1131 2859 1132 2886 1
1280 2834 1295 2860 7

1131 2916 1132 2946 J
1188 2921 1312 2947 Tkuasne
1332 2922 1353 2952 Ι,
1373 2922 1431 2947 352.

1253 2877 1274 2909 ⁵)
1294 2877 1345 2903 Die
1365 2878 1395 2903 21
1418 2877 1482 2911 Apr.
1508 2878 1576 2903 1489
1596 2886 1620 2903 a.
1641 2885 1662 2902 s.
1683 2886 1708 2903 a.
1728 2877 1860 2903 defuncti.
1900 2877 1954 2903 Cfr.
1976 2876 2075 2903 Burch.
2097 2877 2171 2903 Diar.
2191 2877 2234 2903 ed.
