2436 3328
790 176 891 220 App.
915 176 942 210 Ι.
966 175 1255 210 Annotationes
1277 174 1331 209 ad.
1352 177 1454 218 part.
1478 175 1496 208 Ι
2201 176 2242 207 47

106 278 180 310 Jan.
205 277 242 308 21
280 277 308 306 b.
336 287 375 306 ιιι.
403 276 576 305 Theodorus
602 286 624 305 s.
653 274 799 304 Theodori
826 274 901 303 diac.
929 274 1008 303 card.

31 321 247 358 fflfisferrati
268 331 399 359 nuncup.
422 321 454 349 in
475 320 532 350 civ,
556 321 659 349 Asten.
683 319 763 348 diem
785 318 893 348 clausit
914 322 1010 347 extre-

32 374 130 403 ως
161 365 262 396 obitus
283 364 352 414 ejus.
369 364 555 414 significatus
577 364 635 393 fuit
656 364 686 393 in
708 363 790 393 Urbe
811 362 859 392 die
880 364 916 392 26
938 362 1011 391 dicti

16 418 151 463 βφειβ.
192 409 284 448 Cujus
304 409 405 438 anima
426 419 448 438 r.
470 409 488 438 i.
511 419 539 447 p.
564 409 658 444 (Arm
684 407 805 442 XXXI,
827 407 909 436 52f.
932 408 980 445 68)
1032 407 1085 435 491

14 458 77 494 4:5⁴:-
67 491 72 497 .
107 454 199 484 Man.
210 454 249 483 17
269 453 487 482 inconsistorio
498 457 611 482 secreto
625 452 653 482 S
666 453 699 481 P.
712 451 874 481 Ascanium
885 450 1011 480 Mariam

60 513 90 532 ,ιιτ
111 497 405 532 '·mvicecomitem‚
418 497 496 526 sedis
507 501 604 535 apost.
617 495 867 545 protonotarium,
883 495 911 524 S.
925 495 961 524 R.
976 495 1010 523 Ε.

90 557 97 569 ⁶
108 552 194 572 mum
206 541 286 571 card.
300 541 468 580 publicavit
481 545 511 570 et
524 540 718 580 postmodum
731 540 757 569 ei
770 539 917 578 capellum
931 538 1012 568 misit

89 586 244 617 ecclesiam
270 596 292 615 s.
321 585 384 614 Viti
410 585 441 614 in
468 585 592 614 Macello
618 584 791 622 assignavit.
846 582 1012 612 Burchardi

63 630 72 637 ”
107 653 115 660 .
137 630 182 660 ed.
219 630 355 659 Thuasne
375 630 399 664 Ι,
422 631 448 658 6.
1033 627 1088 656 492

11 710 14 711 .
110 675 202 704 Mart.
222 674 259 703 19
287 674 334 703 die
353 673 475 703 Veneris
495 673 523 702 S.
543 674 575 702 P.
594 673 625 701 in
643 671 818 702 consistorio
836 675 958 705 secreto,
979 675 1013 699 ut

6 719 125 751 “moris
149 723 203 753 est,
229 718 343 748 creavit
369 717 529 756 Georgium
553 717 600 746 tit.
626 727 664 746 ss.
690 715 852 745 Marcellini
877 719 907 744 et
932 715 1012 744 Petri

34 763 133 804 presb.
151 762 232 792 card.
251 762 485 792 Ulixbonensem
503 762 635 810 legatum
652 760 689 789 de
706 760 798 789 latere
816 759 854 788 ad
872 759 1013 788 Venetias

34 817 91 848 pro
108 817 182 846 pace
201 806 308 836 Italiae
326 806 454 840 inienda,
476 805 527 844 qui
545 809 614 844 post
632 804 849 838 consistorium,
871 808 905 832 ut
924 803 1014 832 moris

35 855 90 887 est,
117 851 282 880 associatus
308 850 366 879 fuit
392 860 444 888 per
470 859 571 879 omnes
597 848 676 878 card.
705 858 798 886 usque
825 848 863 876 ad
889 847 1013 876 domum

36 895 234 927 habitationis
253 905 333 924 suae.
374 895 456 923 Arm.
478 893 598 927 XXXI,
619 894 656 922 52
678 892 697 921 f.
720 894 766 921 68.
1034 892 1090 920 493

112 948 203 978 Mart.
225 947 263 977 22
285 947 334 984 (al.
356 947 405 983 29)
438 946 485 975 die
507 946 609 975 Lunae
630 945 710 974 idem
731 945 811 974 card.
835 944 935 974 Ulixb.
958 944 1015 973 iter

37 992 164 1032 arripuit
182 992 214 1021 in
233 1002 319 1021 suam
338 991 516 1029 legationem
535 1000 638 1019 versus
658 989 828 1023 Caesenam,
850 989 1015 1018 associatus

37 1047 91 1076 per
110 1046 213 1066 omnes
233 1035 312 1065 card.
335 1045 428 1074 usque
449 1034 488 1063 ad
508 1038 627 1072 portam
649 1033 677 1062 b.
699 1033 810 1062 Mariae
831 1033 868 1061 de
889 1033 1013 1071 Populo.

38 1081 81 1111 Et
96 1080 203 1110 eadem
221 1080 269 1109 die
286 1080 317 1108 in
336 1078 510 1108 consistorio
528 1077 727 1107 deliberatum
746 1077 812 1111 fuit,
834 1081 868 1106 ut
887 1077 1015 1106 durante

36 1124 119 1155 dicta
145 1124 291 1163 legatione
317 1133 371 1152 sua
397 1122 520 1151 deberet
546 1121 734 1160 participare,
763 1132 797 1150 ac
825 1121 849 1150 si
876 1131 1015 1159 praesens

37 1172 124 1199 esset.
165 1168 198 1198 L.
220 1178 244 1197 c.
1036 1165 1092 1194 494

113 1212 187 1251 Apr.
197 1212 216 1241 5
236 1212 284 1241 die
293 1211 396 1240 Lunae
406 1210 508 1240 retulit
519 1210 591 1239 mihi
603 1210 622 1239 J
625 1210 758 1239 eronimo
767 1209 847 1238 card.
859 1209 1013 1243 Melfiten,

37 1256 217 1288 camerarius
235 1255 356 1294 collegii,
378 1254 482 1284 eadem
502 1254 549 1283 die
569 1254 767 1283 deliberatum
787 1254 878 1283 fuisse
896 1253 927 1282 in
946 1263 1014 1282 con-

36 1300 164 1335 sistorio,
180 1299 260 1339 quod
273 1299 448 1328 Dominicus
461 1298 498 1327 de
512 1298 631 1327 Ruvere
645 1298 741 1336 presb.
757 1297 837 1327 card.
853 1298 900 1326 tit.
915 1308 937 1326 s.
953 1297 1015 1326 Cle-

38 1343 157 1379 mentis,
172 1343 225 1383 qui
241 1343 279 1372 ad
295 1353 434 1382 praesens
449 1342 559 1372 residet
575 1342 605 1371 in
621 1342 759 1381 partibus
776 1342 1014 1376 Pedemontium,

38 1388 162 1419 deberet
180 1387 368 1427 participare,
391 1397 426 1416 ac
447 1387 471 1416 si
492 1397 631 1425 praesens
652 1390 738 1421 esset,
762 1396 856 1425 usque
877 1386 915 1414 ad
936 1386 1016 1414 diem

39 1434 55 1464 1
79 1431 218 1463 Octobris
242 1431 376 1470 proxime
401 1431 503 1466 futuri,
530 1441 590 1460 non
615 1430 756 1460 obstante
780 1430 861 1459 dicta
886 1440 940 1459 sua
964 1429 1015 1458 ab-

36 1476 147 1512 senfia;
182 1480 214 1505 et
226 1476 281 1505 hoc
294 1486 331 1504 ex
344 1475 464 1514 speciali
477 1475 582 1514 gratia.
620 1475 723 1504 Rediit
736 1479 840 1513 postea
854 1474 902 1503 die
914 1476 932 1503 3
946 1474 1016 1503 Maii

36 1520 111 1552 dieti
119 1520 190 1550 anni
199 1523 231 1549 et
239 1519 398 1549 continuat
407 1519 595 1558 participare,
607 1519 685 1548 sicut
695 1519 744 1548 alii
754 1523 934 1557 praesentes.
946 1518 978 1547 L.
990 1528 1015 1547 c.
1037 1518 1092 1547 495

113 1573 195 1603 Julii
206 1573 245 1603 19
269 1573 316 1602 die
331 1573 434 1602 Lunae
449 1576 596 1601 venerunt
610 1572 727 1601 litterae
741 1572 778 1601 de
793 1572 919 1606 Turone,
936 1571 1016 1610 quod

36 1617 66 1648 b.
81 1627 121 1648 ιιι.
136 1617 218 1647 Elias
232 1617 280 1646 tit.
295 1627 317 1646 s.
334 1617 443 1646 Luciae
456 1617 487 1646 in
501 1616 580 1645 silice
594 1616 674 1645 card.
691 1616 870 1645 Turonensis
884 1621 1015 1654 nuncup.

37 1661 120 1702 ..pud
137 1661 287 1691 Turonem
305 1661 365 1698 (die
381 1663 399 1690 5
419 1661 438 1690 J
441 1660 492 1690 ulii
512 1661 596 1697 1484)
615 1660 695 1689 diem
713 1660 820 1689 clausit
838 1654 1015 1694 extremum,

36 1705 126 1745 eujus
141 1715 168 1736 a.
184 1715 208 1735 r.
227 1705 245 1735 i.
263 1716 292 1744 p.
326 1705 368 1734 Et
384 1705 431 1734 die
448 1706 485 1734 26
502 1704 636 1743 ejusdem
654 1705 762 1733 mensis
780 1704 902 1733 fuerunt
919 1704 1017 1733 factae

38 1749 183 1789 exequiae
203 1749 235 1779 in
255 1749 378 1788 capella,
400 1753 436 1778 ut
457 1749 547 1778 moris
568 1753 622 1778 est.
666 1749 698 1778 L.
722 1759 746 1777 c.
1038 1749 1093 1777 496

116 1802 192 1840 Any.
205 1802 243 1831 12
265 1801 313 1831 die
327 1802 347 1831 J
349 1802 414 1831 ovis
426 1812 453 1831 a.
469 1803 542 1831 1484
557 1802 660 1831 Sixtus
674 1802 715 1831 IV
729 1802 759 1830 in
772 1802 886 1840 palatio
899 1812 920 1830 s.
936 1801 1017 1830 Petri

39 1845 118 1876 circa
141 1846 279 1885 quintam
303 1846 407 1875 horam
430 1846 527 1875 noctis
550 1846 629 1875 diem
653 1846 761 1875 clausit
784 1850 961 1880 extremum,
987 1850 1018 1874 et

39 1890 89 1920 die
106 1889 229 1920 Veneris
247 1890 382 1928 proxime
401 1890 537 1929 sequenti
557 1890 621 1928 ejus
640 1900 747 1929 corpus
767 1890 952 1919 tumulatum
972 1894 1018 1918 est

38 1934 71 1964 in
94 1934 215 1964 ecclesia
241 1944 263 1963 s.
291 1933 371 1963 Petri
396 1934 426 1963 in
451 1934 564 1973 capella
589 1944 677 1969 nova,
704 1945 795 1973 quam
821 1934 900 1963 idem
928 1934 956 1963 S.
984 1934 1015 1963 P.

39 1978 191 2008 aedificari
221 1978 300 2008 fecit.
363 1977 455 2016 Cujus
485 1978 585 2008 anima
616 1989 668 2017 per
699 1978 754 2007 Dei
786 1978 1018 2007 misericordiam

38 2021 206 2062 requiescat
224 2022 255 2051 in
274 2032 355 2060 pace.
398 2021 438 2051 Et
456 2022 619 2052 successive
638 2022 685 2051 die
705 2022 809 2052 Martis
829 2023 862 2052 17
883 2022 1018 2061 ejusdem

41 2066 151 2096 mensis
162 2066 285 2096 fuerunt
297 2066 434 2104 inceptae
449 2066 591 2105 exequiae
604 2066 634 2095 in
650 2066 732 2095 dicta
748 2067 816 2096 eccl.
835 2070 866 2095 et
881 2066 1017 2095 continu—

39 2114 131 2140 antur
152 2120 205 2149 per
226 2120 335 2139 novem
358 2109 430 2145 dies,
455 2115 490 2139 ut
513 2110 602 2140 moris
624 2115 678 2140 est.
725 2111 757 2140 L.
782 2121 806 2140 c.
1039 2111 1093 2140 497

115 2163 191 2201 Auq.
211 2163 248 2192 19
275 2163 323 2192 die
343 2163 429 2192 Jovis
447 2163 515 2192 sede
534 2167 661 2192 vacante
680 2163 728 2192 Jo.
747 2163 784 2192 de
802 2163 951 2202 Aragonia
970 2163 1017 2192 tit.

39 2217 63 2238 β.
78 2206 207 2237 Sabinae
219 2207 315 2246 presb.
330 2207 410 2236 card.
423 2207 460 2236 de
473 2207 622 2246 Aragonia
635 2217 776 2246 nuncup.,
792 2207 908 2236 rediens
923 2207 1019 2246 primo

38 2250 77 2282 de
98 2261 152 2281 sua
174 2251 321 2290 legatione
343 2251 380 2280 de
403 2251 534 2289 Ungaria
556 2255 587 2280 et
608 2251 802 2290 postmodum
824 2251 861 2281 de
883 2251 1017 2290 Neapoli,

38 2295 167 2326 intravit
186 2295 299 2325 Urbem
320 2299 350 2324 et
370 2295 560 2324 continuavit
581 2295 768 2334 participare.
810 2295 842 2324 L.
864 2306 888 2324 c.
911 2295 930 2324 f.
953 2297 998 2325 69.
1040 2296 1096 2325 498

119 2348 194 2386 Auq.
207 2348 247 2378 23
269 2348 317 2378 die
331 2348 433 2378 Lunae
446 2348 591 2378 Ascanius
605 2349 698 2378 Maria
723 2348 834 2378 Sfortia
856 2349 1020 2378 vicecomes

40 2402 64 2422 β.
85 2391 149 2422 Viti
169 2392 199 2422 in
221 2392 345 2422 macello
365 2392 441 2422 diac.
464 2393 554 2427 card„
577 2393 699 2422 veniens
720 2392 756 2422 de
778 2393 954 2427 Mediolano,
977 2393 1020 2421 in-

42 2436 137 2466 travit
153 2436 275 2471 Urbem,
293 2437 458 2466 associatus
475 2447 528 2475 per
545 2437 643 2475 plures
661 2437 740 2466 card.
759 2441 790 2465 et
807 2437 888 2466 alios.
924 2437 956 2466 L.
975 2447 1000 2466 c.
1041 2438 1096 2466 499

117 2489 195 2528 Sept.
211 2489 247 2519 11
273 2489 320 2519 die
337 2489 463 2519 Sabbati
479 2490 506 2519 b.
524 2500 562 2519 m.
580 2489 760 2519 Philibertus
776 2490 822 2519 tit.
839 2500 876 2519 ss.
895 2489 1021 2519 Joannis

42 2537 75 2563 et
91 2532 177 2563 Pauli
195 2533 292 2572 presb.
312 2533 392 2563 card.
411 2534 639 2563 Matisconensis
658 2544 788 2572 nuncup.
810 2534 838 2563 in
859 2533 949 2563 domo
967 2544 1022 2563 sua

41 2576 74 2607 in
90 2586 198 2616 campo
215 2577 323 2607 florum
340 2577 419 2607 diem
437 2578 545 2607 clausit
562 2582 744 2612 extremum;
763 2583 794 2607 et
811 2578 915 2607 eadem
934 2582 1022 2607 nocte

42 2630 150 2660 eorpus
169 2631 257 2651 suum
276 2621 335 2651 fuit
354 2621 487 2651 delatum
509 2622 547 2651 ad
567 2622 636 2651 eccl.
659 2622 686 2651 b.
708 2622 819 2651 Mariae
839 2622 875 2650 de
897 2622 1020 2660 Popu10‚

42 2664 95 2695 ubi
115 2665 203 2704 elegit
221 2665 415 2704 sepulturam.
457 2666 549 2705 Cujus
569 2666 669 2695 anima
690 2677 712 2695 r.
734 2666 752 2695 i.
774 2677 802 2704 p.
846 2666 899 2695 Die
919 2669 1022 2695 autem

43 2708 147 2739 Lunae
167 2710 202 2739 27
225 2709 334 2739 mensis
356 2709 437 2748 Sept.
460 2710 596 2749 inceptae
617 2715 689 2739 sunt
710 2710 861 2749 exequiae.
903 2710 935 2739 L.
958 2720 982 2739 c.
1042 2711 1100 2739 500

118 2762 196 2802 Sept.
216 2762 253 2791 15
280 2763 383 2792 retulit
401 2763 473 2792 mihi
491 2763 649 2792 cardinalis
666 2774 688 2792 s.
709 2763 789 2792 Petri
807 2763 845 2791 ad
864 2763 951 2797 vinc.,
972 2762 1022 2801 qui

42 2805 207 2845 deputatus
222 2806 321 2835 fuerat
334 2817 386 2845 per
400 2807 610 2836 Innocentium
624 2818 674 2846 pp.
692 2807 766 2836 VIII
782 2807 811 2835 in
827 2807 1023 2836 camerarium

42 2849 157 2889 collegii
175 2860 229 2889 pro
247 2850 366 2879 residuo
384 2851 535 2889 temporis,
556 2861 616 2890 quo
637 2851 665 2880 S.
689 2851 716 2880 S.
738 2851 869 2880 habebat
888 2850 1023 2879 officium

7 2894 292 2935 (camerariatus),
318 2893 515 2924 deliberatum
541 2895 630 2924 fuisse
655 2895 685 2924 in
710 2895 885 2924 consistorio
910 2899 1023 2924 secreto

1 2951 19 2970 ...3
15 2946 210 3017 Δὶἔροτοῑιιιηβ
220 2938 310 2973 card„
326 2938 406 2977 quod
419 2938 467 2968 Jo.
482 2939 529 2968 tit.
544 2949 566 2968 s.
580 2939 711 2968 Marcelh
724 2939 820 2977 presb
833 2938 912 2968 card
927 2949 948 2967 s.
964 2939 1022 2967 An—

1189 273 1245 312 geli
1256 283 1397 312 nuncup.,
1411 274 1462 312 qui
1473 273 1608 312 sequitur
1618 274 1649 303 in
1660 274 1762 303 ordine
1773 278 1842 312 post
1855 274 1884 303 S.
1899 274 1938 309 S.‚
1951 279 2029 303 esset
2039 284 2168 303 camera-

1190 318 1250 347 rius
1270 317 1384 356 collegii
1404 328 1458 356 pro
1478 317 1596 347 residuo
1616 318 1686 346 anni
1707 328 1741 347 ac
1762 328 1816 356 pro
1836 328 1916 347 anno
1936 318 2047 348 futuro.
2089 318 2121 347 L.
2143 328 2167 348 c.
2189 320 2241 348 501

1267 371 1344 409 Sept.
1358 371 1395 400 15
1418 371 1459 400 Et
1470 371 1634 400 successive
1646 371 1748 400 retulit
1760 371 1833 400 mihi
1844 371 1923 400 idem
1936 371 2015 400 card.
2029 382 2051 400 s.
2064 371 2169 410 Angeli

1191 415 1272 444 dicta
1284 415 1340 450 die,
1355 415 1435 454 quod
1447 415 1645 444 deliberatum
1658 415 1756 444 fuerat
1768 426 1820 453 per
1832 426 1934 444 omnes
1946 415 2025 444 card.
2039 426 2169 444 unacum

1193 459 1221 488 S.
1238 459 1282 494 P.,
1299 459 1379 497 quod
1395 459 1540 488 Ascanius
1555 459 1648 488 Maria
1666 459 1776 488 Sforsia
1792 470 1813 488 s.
1831 459 1892 488 Viti
1908 460 1938 488 in
1954 460 2077 489 macello
2092 459 2167 489 diac.

1192 503 1271 532 card.
1290 503 1403 542 absque
1419 503 1477 532 alia
1494 503 1657 542 aperitione
1674 503 1732 532 oris
1748 503 1869 532 deberet
1886 504 2074 542 participare,
2092 504 2169 533 sicut

1192 547 1281 576 ceteri
1308 547 1402 577 card.:
1441 552 1472 576 et
1499 547 1562 582 hoc,
1602 548 1672 586 quia
1698 547 1864 576 intraverat
1891 548 1959 576 sede
1986 552 2113 577 vacante
2140 548 2169 576 in

1193 591 1331 620 omnibus
1343 591 1622 630 congregationibus
1634 596 1665 620 et
1678 596 1781 630 postea
1795 592 1824 620 in
1838 592 1971 620 conclavi
1985 592 2014 620 in
2028 592 2170 621 electione

1192 635 1352 674 pontificis.
1394 636 1426 665 L.
1449 646 1473 665 c.
2190 637 2244 665 502

1268 680 1326 709 Oct.
1349 680 1385 708 11
1419 680 1466 709 die
1488 680 1590 709 Lunae
1614 680 1662 709 Jo.
1686 680 1733 709 tit.
1757 690 1778 709 s.
1803 680 1946 709 Praxedis
1968 680 2046 709 card.
2072 680 2169 709 Nova-

1193 723 1295 753 riensis
1318 728 1387 762 post
1409 724 1568 762 prandium
1591 724 1710 753 recessit
1732 724 1771 753 ab
1795 724 1874 753 Urbe
1898 724 1953 753 iter
1976 724 2118 762 arripiens
2141 724 2170 752 in

1193 778 1279 797 suam
1299 768 1477 806 legationem
1498 768 1527 797 in
1549 768 1744 805 Perusium.*)
1785 769 1825 797 Et
1845 768 1892 797 die
1913 768 2048 806 sequenti
2069 768 2171 797 retulit

1193 812 1278 841 nobis
1297 812 1408 841 clericis
1426 812 1539 851 collegii
1557 813 1636 841 card.
1657 823 1678 841 s.
1699 813 1802 850 Angeli
1821 812 2008 846 camerarius,
2029 812 2170 841 delibera-

1194 860 1259 885 tum
1280 856 1368 885 fuisse
1388 856 1417 885 in
1437 856 1620 891 consistorio,
1641 856 1721 895 quod
1740 856 1878 895 deinceps
1899 861 1961 885 tam
1981 856 2171 885 Novariensis

1195 910 1285 938 quarn
1303 901 1352 929 alii
1370 901 1458 938 legati
1475 905 1608 939 tempore
1625 911 1695 930 suae
1711 901 1864 929 absentiae
1881 911 1940 929 non
1957 900 2171 939 participarent

2068 945 2100 973 L.
2127 955 2151 973 c.
2191 946 2247 973 503

1269 998 1327 1026 Oct.
1340 997 1378 1026 22
1399 997 1447 1026 die
1458 998 1579 1026 Veneris
1591 998 1667 1026 circa
1679 999 1715 1026 24
1727 998 1831 1026 horam
1843 998 1919 1026 illius
1931 997 1989 1026 diei
2003 997 2172 1035 Stephanus

1198 1041 1245 1070 tit.
1268 1051 1289 1070 s.
1312 1042 1423 1070 Mariae
1443 1042 1473 1070 in
1495 1042 1708 1071 Transtiberim
1729 1042 1824 1080 presb.
1847 1042 1926 1070 card.
1946 1041 2173 1070 Mediolanensis

1197 1085 1227 1114 in
1247 1085 1337 1114 domo
1358 1085 1553 1114 habitationis
1573 1096 1643 1115 suae
1663 1086 1742 1115 diem
1762 1086 1843 1115 vitae
1862 1096 1933 1114 suae
1954 1086 2062 1114 clausit
2077 1089 2172 1114 extre-

1196 1140 1292 1164 mum;
1329 1134 1360 1158 et
1383 1130 1447 1168 ipsa
1471 1134 1559 1159 nocte
1583 1130 1647 1168 ejus
1670 1140 1777 1168 corpus
1800 1130 1934 1159 delatum
1959 1129 2017 1159 fuit
2040 1129 2079 1158 ad
2103 1129 2171 1158 eccl.

1195 1184 1218 1203 s.
1232 1174 1321 1208 Petri,
1334 1174 1385 1202 ubi
1397 1174 1455 1203 fuit
1466 1174 1645 1212 depositum.
1668 1174 1759 1212 Cujus
1771 1184 1797 1203 a.
1810 1185 1832 1203 r.
1846 1174 1863 1203 i.
1876 1184 1904 1212 p.
1928 1173 2020 1212 Cujus
2031 1173 2173 1212 exequiae

1196 1218 1333 1256 inceptae
1357 1218 1479 1247 fuerunt
1502 1218 1549 1247 die
1573 1218 1675 1247 Lunae
1698 1220 1715 1247 8
1740 1218 1926 1247 Novembris.
1974 1218 2006 1247 L.
2032 1228 2056 1247 8.
2082 1218 2101 1247 f.
2127 1219 2172 1248 70.
2192 1218 2247 1247 504

1278 1285 1379 1291 ......
1414 1262 1454 1291 Et
1481 1262 1545 1301 ejus
1573 1262 1679 1291 titulus
1707 1262 1734 1291 b.
1763 1262 1874 1291 Mariae
1901 1262 1932 1291 in
1960 1262 2173 1291 Transtiberim

1197 1306 1255 1335 fuit
1275 1306 1366 1335 datus
1386 1306 1529 1335 cardinali
1550 1306 1753 1336 Ulixbonensi.
1795 1307 1827 1335 L.
1850 1317 1873 1335 c.
2193 1307 2248 1335 505

1274 1350 1346 1379 Nm).
1369 1350 1405 1379 21
1438 1350 1485 1379 die
1506 1350 1663 1380 Dominico
1684 1350 1712 1379 b.
1736 1361 1774 1379 m.
1799 1351 1931 1379 Joannes
1953 1350 2000 1379 tit.
2023 1360 2045 1379 s.
2067 1349 2174 1379 Vitalis

1196 1395 1244 1431 (al.
1271 1405 1293 1423 s.
1320 1394 1476 1432 Balbinae)
1498 1395 1594 1433 presb.
1615 1394 1694 1424 card.
1714 1394 1914 1423 Gerundensis
1939 1404 2069 1432 nuncup.
2095 1394 2174 1423 diem

1196 1438 1303 1467 clausit
1319 1442 1495 1468 extremum.
1528 1439 1568 1468 Et
1583 1439 1687 1468 eadem
1702 1439 1749 1467 die
1765 1438 1829 1477 ejus
1845 1449 1951 1477 corpus
1967 1438 2101 1467 delatum
2116 1437 2174 1467 fuit

1195 1482 1233 1511 ad
1254 1483 1323 1512 eccl.
1345 1493 1367 1512 s.
1390 1483 1500 1512 Mariae
1520 1483 1557 1512 de
1578 1483 1701 1521 Populo,
1723 1483 1774 1512 ubi
1795 1483 1981 1512 reconditum
2003 1486 2056 1511 est.
2083 1481 2174 1520 Cujus

1197 1537 1224 1556 a.
1246 1537 1268 1556 r.
1291 1527 1309 1556 i.
1331 1537 1360 1565 p.
1382 1544 1420 1547 —
1440 1527 1472 1556 L.
1495 1538 1519 1556 c.
2194 1526 2249 1555 506

1273 1571 1339 1600 Dec.
1359 1571 1397 1600 20
1425 1571 1600 1600 consistorio
1618 1571 1648 1600 in
1667 1571 1779 1609 palatio
1797 1571 1961 1609 apostolico
1979 1570 2061 1609 apud
2079 1581 2101 1599 s.
2122 1571 2174 1599 Pe-

1196 1619 1277 1644 trum
1307 1615 1420 1650 habito,
1451 1615 1482 1644 in
1512 1626 1571 1654 quo
1599 1615 1636 1644 de
1665 1615 1891 1644 canonizatione
1920 1614 2062 1653 Leopoldi
2091 1614 2175 1643 ducis

1195 1659 1335 1688 Austriae
1352 1659 1399 1688 die
1418 1662 1434 1688 6
1454 1659 1473 1688 J
1475 1670 1522 1688 an.
1544 1661 1616 1689 1485
1634 1659 1802 1698 peragenda
1819 1659 1975 1688 consilium
1993 1659 2101 1687 initum
2119 1662 2173 1692 est,

1196 1707 1316 1742 praeter
1337 1703 1547 1732 Innocentium
1568 1714 1617 1742 pp.
1641 1703 1715 1732 VIII
1738 1703 1768 1732 hi
1792 1703 1819 1732 S.
1843 1703 1879 1732 R.
1903 1703 1937 1732 E.
1960 1702 2124 1732 cardinales
2144 1705 2175 1731 et

1197 1747 1323 1786 praelati
1338 1747 1552 1777 interfuerunt:
1583 1748 1606 1776 I.
1623 1747 1803 1777 Cardinales:
1829 1747 1992 1776 Rodericus
2008 1747 2056 1783 (de
2072 1745 2173 1784 Borja)

1197 1802 1242 1830 ep.
1264 1792 1404 1820 Portuen.
1425 1791 1505 1820 card.
1526 1792 1791 1825 vicecancellarius,
1812 1791 1958 1821 Oliverius
1978 1791 2107 1827 (Carasa)
2127 1800 2173 1828 ep.

1199 1835 1337 1865 Sabinen.
1348 1835 1426 1865 card.
1438 1836 1663 1874 Neapolitanus,
1674 1836 1791 1864 Marcus
1801 1835 1923 1872 (Barbo)
1934 1846 1979 1874 ep.
1991 1834 2172 1864 Praenestin.

1197 1880 1276 1909 card.
1299 1890 1321 1909 s.
1344 1880 1444 1914 Marci,
1469 1880 1608 1909 Julianus
1630 1880 1718 1917 (della
1739 1880 1867 1915 Rovere)
1890 1890 1934 1918 ep.
1958 1879 2071 1908 Ostien.
2093 1878 2172 1907 card.

1196 1934 1218 1953 s.
1231 1924 1311 1953 Petri
1323 1924 1361 1953 ad
1373 1924 1461 1958 vinc..
1483 1924 1622 1962 Baptista
1635 1924 1736 1960 (Zeno)
1757 1934 1802 1962 ep.
1815 1924 1972 1953 Tusculan.
1986 1923 2064 1952 card.
2077 1933 2099 1952 s.
2113 1923 2173 1951 Ma-

1196 1968 1256 1997 riae
1280 1968 1310 1997 in
1334 1972 1421 2006 port.,
1448 1968 1580 1997 Joannes
1605 1968 1778 2005 (Michaelis)
1804 1968 1851 1997 tit.
1876 1978 1898 1996 s.
1924 1967 2053 1996 Marcelli
2077 1966 2172 2005 presb.

1197 2012 1276 2041 card.
1299 2023 1320 2041 s.
1342 2012 1456 2050 Angeli,
1481 2011 1623 2050 Georgius
1644 2012 1692 2049 (de
1712 2012 1812 2048 Costa)
1835 2012 1881 2041 tit.
1904 2022 1940 2040 ss.
1963 2011 2124 2040 Marcellini
2144 2014 2174 2039 et

1199 2056 1279 2085 Petri
1293 2056 1388 2095 presb.
1403 2056 1482 2085 card.
1498 2056 1715 2091 Ulixbonensis,
1730 2056 1931 2094 Hieronymus
1945 2055 2033 2092 (della
2046 2055 2173 2090 Rovere)

1198 2100 1245 2129 tit.
1262 2111 1284 2130 s.
1301 2100 1483 2138 Chrysogoni
1498 2100 1594 2139 presb.
1610 2100 1689 2129 card.
1707 2100 1928 2134 Recanatensis,
1948 2099 2066 2128 Gabriel
2082 2099 2173 2135 (Ran-

1198 2147 1284 2183 gone)
1305 2144 1352 2173 tit.
1373 2155 1409 2173 ss.
1433 2144 1523 2183 Sergii
1543 2148 1573 2173 et
1592 2144 1702 2173 Bacchi
1721 2144 1816 2182 presb.
1837 2144 1916 2173 card.
1937 2143 2094 2182 Agriensis,
2115 2143 2173 2171 Do-

1199 2188 1324 2218 minicus
1339 2188 1428 2225 (della
1443 2189 1569 2225 Rovere)
1585 2188 1632 2217 tit.
1648 2199 1670 2217 s.
1686 2188 1846 2217 Clementis
1859 2188 1955 2226 presb.
1971 2187 2050 2216 card.
2067 2188 2173 2216 Taren-

1195 945 1359 973 secundum
1384 945 1609 983 dispositionem
1634 948 1818 974 statutorum
1844 955 1865 973 s.
1892 945 2014 983 collegii.

1199 2233 1344 2267 tasiensis,
1360 2233 1492 2261 <loannes
1507 2233 1554 2269 (de
1567 2233 1727 2270 Aragonia)
1742 2233 1789 2261 tit.
1804 2243 1826 2261 s.
1843 2232 1970 2261 Sabinae
1984 2231 2079 2270 presb.
2094 2230 2173 2260 card.

1198 2277 1234 2306 de
1252 2277 1409 2315 Aragonia,
1431 2277 1449 2305 J
1453 2287 1563 2306 oannes
1581 2277 1630 2314 (de
1647 2276 1824 2313 Comitibus)
1843 2276 1890 2305 tit.
1910 2286 1932 2305 s.
1952 2275 2058 2304 Vitalis
2076 2274 2172 2313 presb.

1198 2321 1277 2350 card.
1306 2321 1342 2349 de
1370 2321 1544 2355 Comitibus,
1575 2321 1707 2350 Joannes
1735 2321 1813 2357 (Jac.
1842 2320 1879 2349 de
1909 2319 2096 2355 Sclafenatis)
2125 2319 2172 2347 tit.

1198 2375 1220 2394 s.
1246 2365 1390 2403 Stephani
1412 2365 1441 2393 in
1463 2365 1494 2394 C.
1517 2365 1556 2394 M.
1579 2365 1675 2403 presb.
1698 2364 1777 2394 card.
1801 2364 1977 2398 Parmensis,
2002 2363 2174 2392 Franciscus

1200 2409 1248 2445 (de
1279 2409 1538 2445 Piccolominibus)
1569 2419 1591 2438 s.
1624 2409 1777 2438 Eustachii
1808 2409 1883 2437 diac.
1915 2408 1994 2437 card.
2028 2406 2172 2441 Senensis,

1200 2453 1336 2491 Raphael
1363 2453 1488 2489 (Riario)
1516 2463 1538 2482 s.
1568 2453 1684 2491 Georgii
1711 2453 1748 2481 ad
1775 2453 1875 2481 velum
1902 2462 1964 2481 aur.
1992 2451 2066 2480 diac.
2094 2450 2173 2479 card.

1200 2498 1233 2533 (s.
1254 2497 1392 2535 Georgii),
1413 2497 1440 2526 S.
1459 2497 1491 2526 P.
1509 2497 1696 2532 camerarius,
1716 2497 1848 2526 Joannes
1865 2497 1953 2534 Bapt.
1973 2496 2021 2532 (de
2040 2494 2173 2530 Sabellis)

1199 2551 1221 2570 s.
1240 2541 1353 2570 Nicolai
1370 2541 1399 2569 in
1416 2541 1446 2570 C.
1465 2541 1496 2570 T.
1514 2541 1588 2570 diac.
1606 2541 1685 2570 card.
1703 2541 1740 2570 de
1757 2541 1889 2575 Sabellis,
1909 2541 1927 2569 J
1931 2550 2041 2569 oannes
2058 2539 2106 2576 (de
2121 2539 2174 2568 Co-

1272 2632 1298 2664 *)
1320 2632 1510 2666 Superioribus
1522 2632 1627 2662 diebus,
1641 2633 1668 2657 in
1682 2631 1801 2657 secundo
1814 2631 1857 2656 vel
1871 2631 1953 2656 tertio
1966 2633 2070 2655 secreto
2083 2629 2250 2659 consistorio,

1200 2677 1243 2702 vel
1257 2677 1336 2706 circa,
1350 2677 1444 2702 Innoc.
1457 2675 1527 2702 VIII
1541 2676 1645 2701 creavit
1658 2679 1686 2701 et
1700 2675 1852 2709 publicavit
1865 2675 1986 2708 quinque
1999 2673 2149 2699 cardinales
2162 2675 2248 2706 apost.

1202 2720 1273 2746 sedis
1295 2720 1407 2754 legatos,
1430 2720 1510 2745 videl.
1534 2719 1772 2750 Mediolanensem,
1795 2719 1859 2745 licet
1880 2727 1897 2744 a
1919 2718 2079 2744 consistorio
2100 2717 2250 2747 absentem,

1202 2765 1230 2790 in
1249 2764 1332 2790 domo
1352 2773 1402 2790 sua
1421 2764 1449 2789 in
1469 2764 1631 2790 infirmitate
1650 2764 1842 2793 constitutum,
1863 2763 1890 2788 in
1910 2762 2060 2792 Avenione,
2081 2761 2125 2787 Jo.
2149 2761 2250 2786 Gerun-

1201 2808 1313 2834 densem
1331 2809 1359 2834 in
1376 2808 1536 2842 Campania,
1555 2808 1599 2834 Jo.
1618 2808 1653 2833 de
1672 2807 1785 2833 Sabellis
1802 2807 1830 2832 in
1848 2807 1982 2836 Bononia,
2001 2806 2032 2831 B.
2051 2805 2085 2831 de
2102 2805 2207 2831 Ursinis
2224 2805 2252 2830 in

1203 2852 1324 2878 marchia
1342 2852 1456 2883 Ancon„
1474 2852 1622 2877 Ascanium
1639 2852 1667 2877 in
1685 2851 1862 2881 Patrimonio,
1881 2850 2026 2876 constituit
2043 2852 2072 2875 et
2088 2848 2251 2875 cardinalem

1203 2897 1400 2923 Novariensem
1413 2897 1441 2921 in
1454 2905 1504 2921 sua
1517 2896 1651 2929 legatione
1664 2895 1807 2929 Perugina,
1821 2894 1856 2920 ad
1870 2902 1954 2928 quam
1967 2903 1984 2919 a
1996 2893 2040 2919 fel.
2055 2901 2106 2919 rec.
2122 2893 2201 2919 Sixto
2214 2892 2251 2918 lv

1203 2940 1346 2966 ordinatus
1364 2943 1432 2970 erat,
1452 2940 1635 2965 confirmavit.
1657 2939 1756 2965 Burch.
1776 2939 1852 2964 Diar.
1872 2938 1913 2964 ed.
1934 2937 2062 2964 Thuasne
2080 2937 2103 2968 Ι,
2125 2938 2180 2963 125.
