2436 3328
810 167 911 212 App.
933 169 962 202 1.
983 168 1274 204 Annotationes
1297 168 1350 204 ad
1373 171 1475 214 part.
1503 170 1521 204 I
2237 179 2278 212 33

128 264 212 295 Maii
229 264 250 294 5
279 264 359 294 card.
381 264 514 294 Aeduen.
537 266 658 295 recessit
678 265 715 295 de
739 266 822 295 Senis
843 266 905 296 iens
926 277 1029 296 versus

49 306 210 341 Maiam
215 312 337 338 etsuam
347 308 501 338 ecclesiam
508 309 665 346 (Aeduen.)
672 314 703 339 et
712 320 772 339 non
781 310 952 350 participat.
964 311 996 340 L.
1004 321 1028 341 c.
1051 313 1107 342 206

32 351 86 392 ·Q
96 362 99 367 ¹
127 351 211 383 Maii
229 352 268 383 28
310 352 474 390 N(icolaus)
497 353 577 382 card.
600 364 622 383 s.
645 354 727 383 Petri
748 354 787 383 ad
808 355 886 384 vinc.
909 355 1030 385 veniens

72 415 73 418 =
109 395 247 436 partibus
268 396 464 426 Alamanniae
486 397 613 427 intravit
638 398 730 427 Senas
752 402 783 427 et
804 398 916 438 incepit
938 399 1029 438 parti-

66 439 93 465 ’λι
119 455 159 470 .;.
200 440 233 470 L.
255 450 279 470 0.
319 441 401 470 Arm.
426 441 547 476 XXXI,
572 443 609 471 52
630 442 651 471 f.
677 443 723 472 29.
1051 445 1106 474 207

61 484 82 519 jss'
127 483 195 514 Dec.
215 484 252 514 31
283 484 438 524 A(ngelus)
460 485 508 515 tit.
530 496 552 515 s.
575 486 675 515 Crucis
695 486 817 516 veniens
837 486 874 516 de
895 487 1031 516 Bononia

58 531 167 563 »ςμῦυε
188 528 315 558 intravit
336 529 449 559 Urbem
471 534 502 559 et
524 530 636 568 incepit
657 530 845 569 participare.
890 531 923 560 L.
947 541 971 560 c.
1051 533 1107 561 208

531 604 631 637 1461.

125 660 207 690 Febr.
237 661 254 690 1
294 662 374 691 card.
404 672 427 691 s.
457 662 621 697 Eustachii,
651 672 744 701 nepos
775 662 803 692 S.
834 663 877 698 Ρ.,
907 663 1029 692 veniens

2 724 35 744 f.
50 702 89 735 de
116 704 263 744 legatione
289 716 344 735 sua
371 705 408 735 de
435 706 567 735 marchia
595 706 734 744 (Ancon.)
762 706 889 736 intravit
916 707 1030 737 Urbem

0 738 26 788 ὃ
50 751 84 778 et
101 748 214 788 incepit
233 750 421 788 participare.
463 751 496 779 L.
518 761 542 779 c.
1052 753 1107 782 209

11 791 14 798 ²
127 793 210 823 Maii
226 793 265 823 18
293 794 372 823 card.
392 804 415 823 s.
435 794 535 824 Crucis
553 794 692 823 recedens
710 794 747 823 de
765 794 847 824 curia
866 795 953 824 Rom.
974 795 1031 825 ivit

3 835 18 837 ⁷*
49 835 91 867 nd
107 836 275 867 Bononiam
292 838 496 868 continuando
513 838 691 877 legationem
709 849 794 868 suam
812 843 843 868 et
859 849 920 868 non
937 840 1030 878 parti-

51 879 142 920 cipat.
183 881 216 911 L.
238 892 263 911 c.
1051 885 1108 914 210

127 925 219 955 Junii
229 926 247 955 1
271 926 350 955 card.
364 936 387 955 s.
402 926 556 955 Eustachii
568 936 661 964 nepos
676 926 704 955 S.
719 927 751 955 P.
765 927 887 956 recessit
899 927 935 956 de
948 927 1029 957 Urbe

51 967 116 998 iens
133 979 236 999 versus
255 970 418 999 marchiam
437 970 575 1007 (Ancon.)
595 970 710 1008 legatus
729 974 760 1000 et
778 981 839 1000 non
858 971 1028 1010 participat,

51 1011 131 1042 ficut
140 1013 244 1043 retulit
254 1014 327 1043 mihi
338 1014 417 1043 card.
430 1024 452 1043 s.
467 1014 621 1043 Susannae
631 1014 811 1044 camerarius
822 1015 944 1054 collegii.
959 1016 990 1045 L.
1003 1026 1028 1045 c.
1051 1017 1104 1046 211

128 1057 206 1096 Sept.
220 1057 259 1087 30
283 1058 303 1088 J
305 1059 439 1095 o(annes)
453 1058 533 1087 card.
547 1069 570 1087 8.
585 1058 690 1097 Angeli
703 1059 819 1088 rediens
832 1059 869 1088 de
883 1060 1030 1098 legatione

50 1109 107 1131 tua
127 1100 165 1130 de
185 1101 322 1140 partibus
343 1102 492 1140 Ungariae
513 1102 639 1131 intravit
661 1103 775 1132 Urbem
797 1107 827 1132 et
849 1103 887 1132 ab
910 1104 960 1132 illa
981 1104 1029 1133 die

50 1142 164 1184 incepit
185 1145 363 1185 participare
385 1146 423 1175 de
445 1156 552 1176 comm.
577 1151 608 1175 et
631 1147 701 1176 min.
727 1157 802 1176 serv.
850 1148 882 1176 L.
907 1158 931 1177 c.
1050 1149 1105 1178 212

125 1188 184 1226 Oct.
202 1189 223 1219 8
249 1190 329 1219 card.
348 1190 386 1219 de
404 1190 500 1219 Flisco
519 1190 598 1220 diem
616 1201 703 1220 suum
723 1191 830 1220 clausit
848 1196 1026 1227 extremum,

31 1231 138 1272 smjtu
158 1233 290 1264 animam
311 1234 463 1273 possideat
485 1235 649 1273 paradisus.
696 1236 728 1264 L.
753 1246 777 1264 c.
802 1236 822 1264 f.
847 1238 892 1265 30.
1049 1237 1105 1266 213

125 1276 200 1307 Now.
217 1278 237 1308 8
263 1278 311 1307 (118
328 1278 485 1308 Dominica
503 1279 701 1316 F(ranciscus)
720 1279 799 1308 card.
819 1290 841 1309 s.
862 1280 1025 1315 Eustachii,

49 1329 143 1360 nepos
161 1321 191 1351 S.
209 1322 252 1357 Ρ.,
271 1322 387 1352 rediens
404 1323 441 1352 de
459 1323 606 1361 legatione
624 1333 678 1352 sua
695 1323 732 1352 de
750 1324 883 1353 Marchia
900 1324 1028 1353 intravit

38 1363 163 1399 ,Urbem
182 1369 214 1395 et
231 1365 343 1405 incepit
363 1367 550 1406 participare.
593 1368 625 1396 L.
648 1378 672 1396 c.
1047 1369 1103 1398 214

124 1409 198 1440 Nov.
217 1410 256 1440 17
283 1410 331 1440 die
349 1411 454 1440 Martis
473 1411 627 1450 A(ngelus)
648 1411 727 1440 card.
748 1422 770 1441 s.
792 1412 892 1441 Crucis
910 1413 1026 1442 rediens

47 1450 87 1483 (b
96 1452 244 1492 legatione
255 1464 310 1484 sua
323 1455 487 1484 Bononien.
501 1455 628 1484 intravit
641 1456 754 1485 Urbem
767 1460 797 1485 et
809 1456 921 1495 incepit
934 1457 1025 1495 parti-

44 1495 155 1537 cipum
195 1498 228 1528 L.
250 1508 274 1528 c.
1046 1502 1101 1531 215

43 1543 47 1574 j
84 1538 86 1540 ¹
123 1541 199 1572 Nou.
223 1542 262 1572 20
298 1542 346 1572 die
373 1543 495 1572 Veneris
522 1544 601 1573 card.
630 1544 779 1573 Nicaenus
807 1555 852 1583 ep.
884 1545 1022 1574 Sabinen.

43 1584 168 1615 venians
184 1585 222 1616 de
237 1586 385 1625 legatione
401 1598 455 1617 sua
471 1588 508 1617 de
525 1588 704 1618 Alamannia
721 1588 847 1618 intravit
864 1589 977 1618 Urbem
994 1593 1025 1618 et

22 1654 24 1658 ,
45 1630 236 1670 pmoctavit
251 1630 301 1660 illa
318 1631 366 1660 die
382 1631 413 1660 in
430 1643 452 1661 s.
471 1632 565 1661 Maria
582 1632 619 1661 de
637 1633 764 1671 Populo;
783 1633 831 1662 die
850 1633 976 1662 Sabbati
993 1633 1024 1662 in

18 1672 210 1716 33¹'oeufinum
238 1674 297 1704 fuit
325 1680 462 1714 receptus
491 1676 523 1705 in
551 1676 727 1706 consistorio
756 1687 820 1715 gen.
852 1681 883 1706 et
912 1677 1024 1716 incepit

31 1717 233 1757 -xntrticipare,
274 1719 307 1749 L.
329 1730 354 1749 8.
1044 1723 1099 1751 216

520 1768 564 1801 14
571 1768 626 1801 62.

120 1823 202 1854 Febr.
214 1824 253 1854 23
274 1824 322 1854 die
333 1825 438 1855 Martis
449 1826 485 1855 A.
498 1827 578 1856 card.
592 1827 739 1856 Reatinus
751 1827 871 1856 recessit
883 1827 920 1856 de
933 1828 1020 1857 Rom.

45 1866 128 1897 curia
141 1867 204 1897 iens
218 1868 333 1907 legatus
347 1869 384 1899 de
398 1869 490 1899 latere
499 1871 538 1900 ad
547 1871 603 1900 civ.
616 1871 779 1900 Bononien.
792 1875 822 1900 et
832 1882 892 1900 non
902 1872 1022 1910 partici-

46 1914 110 1950 pat,
119 1911 198 1941 sicut
206 1913 310 1942 retulit
319 1913 554 1944 mihicardinalis
560 1915 724 1944 Thiannen.
732 1917 851 1952 (camer.
863 1916 987 1952 coll.).L.
995 1926 1019 1945 c.
1042 1917 1097 1947 217

121 1955 212 1985 ert.
239 1957 278 1986 13
314 1957 460 1987 Ricardus
486 1959 566 1988 card.
594 1959 830 1989 Constantiensis
857 1960 1021 1998 capellatus

44 1999 159 2039 capello
177 2000 269 2030 rubeo
288 2005 320 2030 et
340 2001 472 2031 Joannes
491 2003 570 2032 card.
591 2003 800 2033 Atrabatensis
819 2014 888 2033 cum
908 2005 1021 2043 capello

43 2042 129 2082 nigro
148 2044 338 2074 intraverunt
364 2045 476 2076 Urbem
503 2050 534 2076 et
562 2051 815 2086 pernoctaverunt
834 2048 916 2087 apud
936 2059 958 2077 s.
978 2049 1017 2078 M.

43 2086 82 2117 de
109 2087 224 2126 Populo
251 2093 282 2118 et
310 2089 431 2120 fuerunt
458 2090 569 2120 ibidem
597 2102 690 2130 usque
718 2092 757 2121 ad
786 2092 888 2129 (diem)
918 2092 1020 2122 Lunae

45 2131 81 2162 15
95 2131 209 2169 (Mart.)
224 2143 277 2172 per
291 2137 391 2163 totum
405 2134 493 2164 diem.
523 2135 579 2164 Die
593 2135 698 2165 Martis
713 2146 794 2175 sequ.
811 2136 924 2165 domini
939 2137 1018 2166 card.

42 2174 163 2206 iverunt
178 2176 217 2206 ad
233 2187 255 2207 s.
274 2177 399 2207 Mariam
415 2178 452 2208 de
468 2179 583 2218 Populo
599 2184 630 2208 et
645 2179 868 2209 associaverunt
884 2180 1020 2210 dominos

43 2219 247 2251 constantien.
272 2226 303 2251 et
325 2222 502 2252 Atrabaten.
527 2223 566 2252 ad
589 2223 736 2262 palatium
759 2228 866 2263 apost„
892 2225 943 2264 qui
966 2235 1021 2263 per

33 2263 74 2294 Β.
95 2264 129 2294 Ρ.
149 2265 290 2304 gaudiose
310 2267 421 2305 recepti
441 2271 472 2296 et
492 2267 531 2296 ad
551 2268 685 2297 osculum
706 2268 787 2307 pacis
807 2268 929 2298 admissi
949 2273 1020 2298 sunt

42 2307 221 2348 “signando
233 2310 381 2349 capellum
393 2311 520 2341 rubeum
533 2311 655 2341 domino
667 2312 862 2342 Atrabatensi
875 2317 906 2342 et
919 2313 1019 2343 dando

7 2347 18 2367 ²5
38 2350 164 2382 domino
187 2353 342 2384 Constant.
368 2355 415 2384 tit.
441 2366 463 2384 s.
490 2356 610 2385 Eusebii
635 2366 669 2385 ac
693 2356 815 2386 domino
838 2357 943 2386 Atrab.
969 2357 1017 2387 tit.

41 2404 67 2427 β.
79 2394 201 2427 Martini
214 2397 245 2428 in
259 2403 368 2435 mont.;
384 2399 491 2429 deinde
505 2400 627 2429 fuerunt
641 2400 697 2439 ipsi
711 2400 771 2430 duo
785 2411 837 2439 per
851 2401 924 2430 alios
937 2401 1017 2431 card.

22 2480 24 2482 Υ
42 2447 136 2480 unque
166 2441 205 2471 ad
235 2442 359 2473 domum
390 2443 586 2473 habitationis
618 2444 765 2474 associati.
829 2444 884 2474 Die
916 2449 1018 2475 autem

33 2484 81 2517 -ffl
97 2483 184 2516 Mart.
204 2485 235 2516 in
253 2487 428 2517 consistorio
445 2492 559 2518 secreto
578 2499 630 2527 per
651 2489 679 2518 S.
700 2489 731 2518 P.
753 2488 811 2518 fuit
829 2499 862 2518 os
880 2493 1018 2528 apertum

41 2525 170 2560 &minis
183 2529 338 2561 Constant.
355 2536 386 2561 et
399 2532 515 2568 Atrab.,
533 2532 583 2572 qui
598 2533 773 2571 inceperunt
787 2533 966 2572 participare
981 2533 1018 2563 de

35 2581 149 2603 ‘omnm
160 2577 191 2603 et
200 2574 270 2604 min.
281 2585 356 2605 serv.
367 2576 417 2606 illa
426 2576 474 2606 die
484 2577 571 2606 factis
581 2577 696 2606 ratione
706 2577 938 2616 promotionum.
950 2578 982 2607 L.
993 2588 1018 2607 c.
1038 2579 1094 2608 218

117 2616 207 2648 Mart.
231 2618 271 2649 23
305 2619 478 2650 Franciscus
503 2621 582 2650 card.
609 2621 792 2651 Mantuanus
817 2621 879 2650 sine
903 2621 1017 2660 capello

34 2659 167 2691 'intravit
182 2661 294 2694 Urbem
309 2667 341 2694 et
355 2665 545 2703 pernoctavit
560 2665 590 2694 in
606 2676 628 2695 s.
646 2665 740 2695 Maria
755 2665 793 2694 de
809 2666 924 2704 Populo
939 2670 970 2695 et
985 2665 1015 2695 in

40 2704 204 2736 crastinum
222 2711 358 2747 receptus
376 2708 407 2738 in
425 2709 600 2739 consistorio
618 2719 683 2748 gen.
703 2709 853 2748 gaudiose,
874 2714 909 2739 ut
927 2720 1016 2749 supra

40 2747 78 2779 de
91 2749 156 2792 aliis
169 2750 297 2781 dominis
310 2752 404 2788 card.;
419 2753 467 2782 cui
481 2753 528 2783 die
543 2753 664 2783 Veneris
679 2755 695 2783 2
710 2754 781 2793 Apr.
796 2753 827 2783 in
841 2754 1016 2783 consistorio

0 2826 1 2829 Ἴ
39 2798 154 2823 necreto
169 2799 307 2834 apertum
323 2801 368 2826 est
384 2807 416 2826 os
432 2801 463 2827 et
478 2797 590 2837 incepit
606 2798 785 2837 participare
801 2798 837 2827 de
854 2798 1015 2837 promotio-

0 2862 10 2881 .„
38 2837 127 2868 nibus
148 2838 197 2868 illa
217 2839 265 2869 die
285 2840 380 2870 factis.
422 2841 454 2871 L.
476 2851 500 2871 c.
1036 2843 1090 2872 219

115 2882 198 2912 Maii
211 2883 248 2913 31
275 2894 355 2923 papa
371 2885 495 2915 Viterbii
511 2885 542 2915 in
558 2896 624 2916 arce
641 2885 787 2915 existente
803 2886 917 2916 domini
933 2886 1012 2916 card.

21 2924 159 2973 “iverunt
173 2937 267 2967 usque
283 2928 353 2958 foris
368 2934 486 2968 portam
502 2930 627 2960 Viterbii
643 2930 763 2960 obviam
779 2930 901 2960 domino
916 2930 1013 2960 Ludo-

91 2983 219 3004 ffloenchh
235 2983 345 3005 oethouoe
361 2984 428 3005 modu
443 2985 503 3006 nevi.
531 2984 572 3007 11.¹

1216 268 1282 298 vico
1301 269 1380 298 card.
1401 269 1438 298 (18
1457 270 1586 299 chreto
1606 272 1643 308 (Β)
1664 275 1694 300 et
1714 273 1942 303 associaverunt
1961 285 2029 304 eum
2049 286 2143 315 usque
2162 277 2201 306 ad

1215 313 1416 352 praesentiam
1437 314 1551 343 domini
1574 325 1679 353 papae,
1705 316 1756 354 qui
1780 327 1848 346 eum
1871 318 2013 356 gaudiose
2036 321 2148 359 recepit
2172 326 2202 351 et

1215 357 1363 396 capellum
1383 358 1510 387 rubeum
1531 358 1628 394 dedit;
1652 370 1711 398 quo
1733 360 1814 390 facto
1836 362 1950 391 domini
1971 364 2051 393 card.
2074 365 2200 394 associa-

1215 404 1325 431 verunt
1343 412 1412 431 eum
1429 412 1524 441 usque
1542 403 1581 432 ad
1599 403 1723 433 domum
1743 405 1948 436 habitationis.
1986 408 2018 437 L.
2039 418 2063 437 8.
2221 411 2278 440 220

1291 446 1374 475 Maii
1393 446 1430 476 31
1463 447 1578 476 Eadem
1599 447 1647 476 die
1668 448 1727 477 fuit
1747 449 1919 487 publicatus
1940 452 2020 481 card.
2045 452 2199 483 Salzebur-

1214 490 1320 528 gensis.
1362 491 1395 520 L.
1417 501 1441 520 c.
2219 500 2272 528 221

1290 534 1382 563 ‚Iunii
1396 535 1433 564 21
1459 535 1614 565 Ludovico
1630 537 1709 566 card.
1726 537 1763 566 (18
1778 538 1903 567 Albreto
1918 539 2044 569 Viterbii
2060 545 2199 579 apertum

1215 581 1260 606 est
1287 588 1319 607 os
1347 583 1378 607 et
1404 579 1516 618 incepit
1542 580 1723 619 participare
1751 582 1787 610 de
1815 583 2054 620 promotionibus
2081 585 2197 615 fiendis.

1214 622 1247 651 L.
1270 632 1294 651 c.
1318 622 1337 651 f.
1360 624 1405 652 31.
2219 632 2273 660 222

1291 667 1366 705 Auq.
1389 667 1428 697 27
1460 668 1539 706 card.
1566 668 1745 707 Spoletanus
1768 670 1883 708 legatus
1905 671 1943 700 de
1965 672 2057 701 latere
2079 674 2199 703 recessit

1214 714 1284 748 post
1305 711 1514 741 consistorium
1535 712 1572 741 de
1594 713 1713 743 Pientia
1735 714 1797 743 iens
1819 725 1921 744 versus
1944 716 2000 745 civ.
2024 717 2198 747 Pcrusinam

1214 758 1245 783 et
1263 754 1301 783 ab
1319 755 1369 784 illo
1387 756 1434 785 die
1452 766 1513 785 non
1530 757 1703 796 participat,
1723 759 1887 788 secundum
1906 760 1987 798 quod
2005 761 2108 790 retulit
2126 762 2198 791 mihi

1214 799 1294 827 card.
1308 800 1470 838 Papiensis‚
1484 801 1564 830 vices
1576 811 1679 840 gerens
1691 802 1722 831 in
1735 803 1836 832 officio
1848 804 2061 834 camerariatus
2074 806 2196 845 collegii.

1214 842 1247 871 L.
1269 853 1294 872 0.
2217 852 2272 880 223

1290 887 1357 917 Dec.
1375 889 1413 917 13
1439 899 1516 927 quae
1532 889 1590 918 fuit
1606 890 1668 919 dies
1684 891 1796 925 Lunae,
1815 891 1885 920 Pius
1902 892 1933 920 II
1950 893 2071 922 recessit
2086 894 2123 923 de
2139 894 2195 924 civ.

1214 931 1378 961 Tudertina
1393 932 1436 969 (in
1450 943 1509 971 qua
1524 938 1588 962 erat
1601 934 1740 963 dominus
1754 946 1838 964 meus
1854 936 2042 974 Spoletanus,
2060 938 2110 976 qui
2124 942 2197 967 tunc

1213 974 1250 1003 de
1272 977 1511 1013 promotionibus
1534 978 1622 1007 factis
1644 978 1675 1007 in
1698 979 1802 1008 eadem
1825 980 1861 1008 de
1885 984 2028 1019 tempore,
2053 992 2112 1020 quo
2135 982 2197 1021 ipse

1215 1018 1244 1048 S.
1272 1020 1305 1048 P.
1332 1020 1373 1049 ibi
1399 1021 1494 1055 stetit,
1522 1022 1738 1061 participavit),
1766 1034 1882 1062 gressus
1908 1034 1977 1053 suos
2003 1025 2131 1064 dirigens
2158 1027 2196 1056 ad

1213 1063 1335 1099 Urbem,
1352 1068 1382 1093 et
1397 1065 1435 1094 ab
1450 1065 1500 1094 illo
1515 1066 1563 1095 die
1577 1066 1639 1105 ipse
1655 1067 1734 1096 card.
1753 1067 1933 1106 Spoletanus
1947 1079 2007 1098 non
2022 1070 2194 1109 participat,

1212 1107 1291 1136 sicut
1310 1109 1413 1138 retulit
1434 1110 1507 1138 mihi
1527 1110 1607 1139 card.
1629 1111 1792 1149 Papiensis,
1814 1112 1894 1141 vices
1910 1123 2017 1151 vgerens
2037 1114 2196 1144 cardinalis

1213 1151 1387 1187 Thiannen„
1410 1154 1564 1183 camerarii
1585 1155 1707 1193 collegii.
1750 1156 1782 1185 L.
1805 1166 1829 1185 c.
2216 1161 2271 1189 224

1690 1230 1797 1262 1463.

1288 1295 1325 1323 M
1326 1300 1378 1324 an.
1393 1295 1431 1324 24
1455 1296 1535 1325 card.
1550 1296 1587 1325 de
1602 1297 1747 1326 Columna
1761 1298 1877 1327 Romae
1891 1298 1971 1327 diem
1985 1309 2073 1328 suum
2087 1300 2195 1329 clausit

1210 1343 1388 1373 extremum,
1409 1339 1495 1378 cujus
1514 1341 1614 1370 anima
1633 1341 1800 1380 requiescat
1819 1342 1849 1370 in
1868 1352 1950 1380 pace.
1970 1343 2075 1372 Amen.
2114 1344 2146 1373 L.
2167 1355 2191 1374 c.
2214 1346 2269 1375 225

1287 1383 1360 1421 Apr.
1382 1384 1401 1413 6
1433 1385 1714 1419 ⁷,Reverendissimo
1734 1385 1856 1415 domino
1878 1397 1944 1415 meo
1965 1387 2044 1416 card.
2067 1398 2089 1417 8.
2113 1389 2194 1418 Petri

1209 1427 1248 1456 ad
1262 1427 1340 1456 vinc.
1357 1428 1480 1457 Revme.
1496 1433 1582 1467 pater
1596 1433 1627 1458 et
1640 1429 1707 1459 dne.
1723 1430 1764 1459 mi
1777 1430 2022 1468 singularissime!
2048 1432 2193 1471 Proposui

1210 1471 1241 1500 in
1258 1472 1380 1510 collegio
1397 1472 1588 1502 dominorum
1605 1484 1740 1503 meorum
1757 1474 1836 1503 card.
1856 1475 2008 1504 scedulam
2026 1480 2056 1504 et
2073 1477 2193 1514 petitio-

1208 1525 1277 1545 nem
1300 1516 1443 1546 Rcvmae.
1489 1518 1525 1546 D.
1549 1517 1585 1546 V.
1609 1518 1646 1546 de
1668 1518 1931 1548 distributionibus
1954 1519 2066 1558 jurium
2088 1521 2193 1559 capelli

1208 1559 1354 1589 habendis
1386 1560 1417 1589 in
1450 1561 1600 1597 absentia;
1635 1572 1737 1591 omnes
1771 1563 1889 1592 Revmi.
1924 1563 2038 1593 domini
2071 1564 2193 1594 fuerunt

1208 1604 1343 1633 contenti
1361 1609 1392 1633 et
1410 1605 1536 1635 libenter
1554 1611 1773 1636 concesserunt.
1813 1607 1955 1645 Significo
1974 1608 2029 1637 hoc
2048 1608 2190 1638 Revmae.

1207 1648 1245 1677 D.
1264 1648 1309 1683 V.‚
1329 1652 1364 1678 ut
1381 1649 1465 1678 sciat.
1501 1650 1554 1679 Cui
1573 1661 1619 1679 me
1637 1651 1789 1680 humiliter
1807 1651 1993 1681 commendo.
2030 1652 2144 1682 Romae
2162 1653 2193 1682 in

1208 1693 1319 1721 sanctis
1336 1693 1479 1731 apostolis
1496 1694 1538 1723 VI
1555 1694 1626 1733 Apr.
1646 1696 1729 1724 1463.
1757 1695 1887 1724 Humilis
1904 1696 2030 1725 servitor
2047 1696 2081 1726 B.
2111 1697 2190 1726 card.

1208 1736 1387 1766 Nicaenus“.
1429 1738 1461 1767 L.
1484 1748 1508 1767 c.
2209 1743 2264 1771 226

1284 1781 1357 1819 Apr.
1369 1781 1408 1811 27
1428 1782 1476 1811 die
1487 1783 1575 1811 Merc.
1588 1783 1668 1812 card.
1687 1783 1826 1813 Rutenus
1846 1784 2024 1822 appellatus,
2049 1785 2189 1820 Isidorus,

1207 1825 1322 1854 Romae
1344 1825 1424 1855 diem
1444 1837 1533 1855 suum
1554 1827 1662 1856 clausit
1683 1831 1852 1857 extremum
1873 1832 1930 1857 etc.
1974 1829 2006 1858 L.
2029 1839 2054 1858 c.
2211 1831 2265 1860 227

1282 1870 1363 1899 Julii
1387 1870 1406 1899 5
1441 1871 1520 1900 card.
1548 1872 1720 1900 Portuensis
1746 1872 1970 1909 (Tusculanusl)
1998 1873 2190 1907 ,‚Nicaenus“

1206 1914 1379 1943 nominatus
1395 1915 1516 1944 recessit
1532 1915 1569 1944 de
1587 1916 1684 1944 Roma
1702 1916 1817 1954 legatus
1834 1916 1870 1945 de
1889 1917 1980 1946 latere
1998 1917 2079 1955 apud
2096 1917 2189 1947 Vene-

1206 1957 1265 1986 tias
1283 1957 1322 1986 ad
1340 1958 1562 1988 sollicitandum
1581 1964 1730 1989 armatam
1749 1964 1853 1989 contra
1872 1961 2022 1999 nephand.
2060 1961 2190 1991 Turcum

1206 2005 1237 2030 et
1257 2002 1420 2040 participat
1441 2003 1478 2032 de
1498 2011 1606 2033 comm.
1629 2008 1659 2033 et
1680 2004 1750 2033 min.
1774 2015 1850 2033 serV.
1874 2015 1968 2043 usquc
1989 2005 2027 2034 ad
2048 2005 2188 2040 reditum,

1206 2046 1370 2075 secundum
1384 2047 1465 2085 quod
1478 2048 1582 2076 retulit
1595 2048 1668 2077 mihi
1681 2048 1841 2077 cardinalis
1855 2059 1877 2078 s.
1893 2049 1985 2078 Marci
1998 2049 2037 2078 ad
2051 2060 2190 2088 praesens

1205 2100 1308 2128 regens
1323 2090 1457 2120 officium
1471 2092 1684 2121 camerariatus
1699 2092 1729 2121 in
1744 2093 1882 2122 absentia
1896 2093 2054 2122 cardinalis
2069 2104 2091 2122 s.
2107 2093 2189 2123 Petri

1204 2134 1243 2163 ad
1262 2134 1350 2170 vinc„
1370 2136 1524 2164 camerarii
1543 2136 1671 2174 praefati
1690 2137 1812 2175 collegii.
1850 2137 1883 2166 L.
1904 2147 1928 2166 8.
2209 2139 2265 2167 228

1279 2179 1361 2208 Julii
1384 2179 1403 2209 9
1438 2180 1517 2209 card.
1547 2180 1725 2219 Spoletanus
1750 2181 1874 2210 veniens
1899 2181 1936 2210 de
1962 2181 2108 2220 legatione
2133 2192 2187 2211 sua

1204 2222 1347 2252 Perusina
1362 2223 1490 2253 intravit
1506 2224 1674 2259 Tiburtum,
1692 2225 1744 2254 ubi
1763 2225 1791 2254 S.
1811 2226 1844 2254 P.
1862 2229 1936 2260 erat,
1955 2225 2119 2254 associatus
2135 2236 2188 2264 per

1203 2266 1339 2296 dominos
1356 2268 1447 2303 card„
1465 2272 1496 2297 et
1512 2268 1625 2307 incepit
1641 2269 1821 2308 participare
1838 2269 1876 2298 ab
1894 2269 1944 2298 illa
1960 2269 2008 2298 die
2024 2270 2061 2298 de
2078 2280 2185 2299 comm.

1202 2315 1233 2340 et
1253 2311 1324 2340 min.
1347 2322 1422 2341 serv.
1464 2312 1498 2341 L.
1521 2323 1546 2341 c.
2207 2315 2262 2343 229

1278 2355 1353 2393 Auq.
1378 2356 1416 2385 20
1450 2356 1619 2386 Alexander
1641 2357 1721 2386 card.
1746 2367 1769 2386 s.
1797 2357 1951 2387 Susannae
1974 2357 2083 2387 Tibure
2106 2358 2186 2387 diem

1201 2409 1289 2428 suum
1310 2400 1417 2429 clausit
1438 2404 1607 2430 extremum
1627 2405 1683 2430 etc.
1725 2401 1758 2430 L.
1781 2412 1805 2430 c.
2207 2403 2264 2431 230

1276 2443 1334 2473 Oct.
1351 2444 1390 2473 24
1418 2444 1437 2474 J
1440 2455 1551 2474 oannes
1568 2445 1615 2474 tit.
1633 2455 1656 2474 s.
1674 2445 1798 2475 Martini
1814 2445 1845 2475 in
1863 2450 1957 2475 mont.
1976 2446 2186 2475 Atrabatensis

1200 2487 1373 2517 nominatus
1392 2489 1513 2518 recessit
1531 2489 1613 2528 apud
1634 2489 1746 2519 Gallias
1766 2493 1796 2519 et
1816 2500 1876 2519 non
1895 2490 2059 2528 participat
2077 2490 2116 2519 ab
2135 2490 2186 2519 illa

1200 2531 1256 2566 die,
1283 2535 1374 2570 prout
1398 2533 1502 2562 retulit
1528 2533 1600 2562 mihi
1626 2533 1705 2563 card.
1733 2544 1755 2563 s.
1784 2534 1865 2563 Petri
1890 2534 1929 2563 ad
1955 2534 2044 2569 vinc„
2071 2534 2185 2572 collegii

1200 2576 1388 2605 camerarius.
1430 2576 1488 2612 Qui
1506 2577 1579 2607 mihi
1597 2577 1718 2616 insuper
1736 2578 1848 2613 retulit,
1869 2578 1951 2617 quod
1970 2588 2072 2607 omnes
2091 2578 2184 2607 cardi-

1199 2620 1289 2655 nales,
1309 2620 1360 2659 qui
1377 2621 1536 2650 exiverunt
1553 2622 1674 2655 Urbem,
1698 2622 1819 2661 quando
1840 2622 1868 2652 S.
1885 2623 1917 2651 P.
1939 2622 1996 2651 ivit
2014 2622 2183 2657 Tiburtum,

1199 2667 1230 2693 et
1245 2664 1284 2693 ad
1300 2664 1433 2694 diversas
1449 2670 1551 2704 partes
1567 2666 1758 2695 recreationis
1775 2676 1865 2695 causa
1882 2670 1913 2695 et
1929 2670 2052 2704 propter
2068 2670 2184 2705 pestem

1198 2709 1237 2738 ad
1249 2708 1366 2738 diversa
1378 2709 1442 2738 loca
1453 2709 1581 2745 iverunt,
1595 2710 1811 2748 participarent
1822 2720 1917 2749 usque
1928 2710 1967 2739 ad
1979 2710 2090 2739 festum
2102 2720 2181 2740 omn.

1198 2757 1293 2782 sanct.
1307 2753 1345 2782 de
1357 2763 1437 2783 anno
1451 2755 1525 2784 1463
1538 2758 1569 2783 et
1581 2754 1620 2783 ab
1632 2754 1682 2783 illa
1695 2754 1742 2783 die
1755 2754 1785 2783 in
1799 2754 1936 2783 futurum
1950 2764 2010 2783 non
2023 2754 2183 2793 participa-

1198 2801 1273 2826 rent.
1299 2797 1339 2827 Et
1351 2797 1392 2827 sic
1405 2798 1569 2827 cardinales
1581 2808 1618 2827 ss.
1634 2798 1676 2827 IV
1689 2798 1830 2835 (Coron.),
1845 2798 2070 2837 Aquilegiensis,
2086 2798 2183 2828 Bono-

1198 2841 1315 2876 niensis,
1329 2842 1381 2881 qui
1392 2842 1491 2871 adhuc
1502 2846 1574 2872 sunt
1586 2846 1671 2871 extra
1684 2842 1805 2877 Urbem,
1820 2852 1880 2871 non
1893 2842 2086 2880 participant.
2110 2843 2143 2872 L.
2157 2852 2181 2871 c.

1198 2885 1262 2915 NB.
1275 2886 1350 2921 „Die
1361 2886 1498 2916 Mercurii
1509 2888 1545 2916 23
1556 2886 1626 2916 Maii
1639 2888 1712 2916 1464
1725 2886 1829 2915 retulit
1840 2886 1913 2915 mihi
1924 2886 2004 2915 card.
2017 2886 2180 2925 Papiensis,

1196 2930 1375 2960 camerarius
1402 2930 1524 2969 collegii,
1553 2930 1633 2970 quod
1659 2930 1775 2959 dictum
1793 2930 1949 2969 collegium
1968 2930 2053 2959 dedit
2070 2930 2174 2960 absen-

2048 2984 2066 3014 5
