2436 3328
783 150 884 193 App·
907 149 935 186 1.
964 148 1252 195 Amamassos
1275 148 1328 188 ad
1350 151 1451 193 part
1474 148 1494 183 Ι

34 251 134 293 grafia
153 250 275 290 deberet
295 249 475 291 participare
496 259 514 278 8
535 248 591 283 die,
616 259 675 297 qua
696 249 734 281 de
755 249 811 278 civ.
835 248 956 281 Lucana
978 247 1016 276 ad

36 294 151 334 Urbem
166 294 314 335 potuisset
330 293 440 327 venire,
459 296 490 322 et
507 293 572 328 1100,
591 303 662 332 quia
679 293 858 322 mandatum
875 291 982 321 habuit
999 302 1017 320 8

38 339 74 377 Β,
84 338 130 379 P„
146 337 227 379 quod
241 337 311 367 inde
325 347 386 367 non
401 336 574 371 discederet,
590 336 647 366 0181
663 337 724 366 ab
717 347 782 376 ipso
797 336 921 367 haberet
936 335 1017 366 aliud

28 404 31 409 ,
68 416 72 419 y
115 397 121 409 n
136 397 139 408 .›
171 395 176 408 ι
193 393 229 418 1.;
247 385 278 411 et
294 381 453 412 mandavit
469 380 551 416 mihi,
571 381 652 420 quod
668 381 705 410 de
722 380 861 410 omnibus
878 384 982 419 postea
999 390 1017 409 a

55 426 78 460 ζ’
106 422 125 465 β
146 406 229 456 Maii
240 436 324 465 pr0X.
349 429 444 464 praet.
468 425 544 454 citra
567 429 631 454 tam
654 425 692 454 de
715 424 842 463 (di)visis
866 434 957 463 quam
980 424 1017 453 de

56 488 70 497 =
103 470 229 501 ’11801118
254 470 410 499 extrahere
442 469 581 498 deberem
606 469 699 507 ipsius
724 473 823 498 ratam
849 468 1017 507 portionem

64 509 115 548 fei
133 514 213 544 dare.
255 514 288 543 L.
310 524 335 543 c
383 514 476 551 (Arm.
501 513 622 548 XXXI,
643 514 680 543 52
704 513 724 543 f
747 514 796 552 64)

111 559 186 599 A.pr
202 558 241 588 23
266 558 314 587 die
330 557 467 587 Mercurii
484 558 532 587 Jo.
550 557 598 586 tit.
615 568 638 586 s.
654 557 779 586 Adriani
794 556 874 586 08111.
891 556 928 585 de
944 557 1016 585 Ara-

5 604 22 620 ““
55 602 61 605 ’
83 603 116 629 .':
145 602 266 632 recessit
286 602 325 631 ab
346 602 427 632 Urbe
448 612 551 631 versus
571 601 738 640 Neapolim,
761 605 792 630 et
813 600 883 640 quia
904 600 1017 629 sciebat

4 646 98 687 ’ξ’-ιω
121 646 301 686 participare
326 646 357 675 in
382 645 528 680 absentia,
555 645 706 675 ordinavit
730 655 783 684 per
807 655 876 674 suas
902 644 1017 673 litteras

11 683 158 727 4110011110
181 690 400 729 Montisregalis
424 689 594 723 camerario,
620 693 655 718 ut
679 689 799 718 nomine
823 699 877 718 suo
902 692 1017 727 peteret

106 735 228 774 cipium
248 745 265 763 a
286 734 417 773 collegio.
459 734 491 763 L.
513 743 538 763 c.

113 779 196 809 Maii
211 779 249 808 10
271 778 319 808 die
341 778 462 807 Veneris
483 777 563 807 card.
577 776 803 815 Montisregalis,
827 776 1014 811 camerarius,

34 823 140 855 retulit
164 823 237 853 mihi
263 823 282 852 J
285 832 417 852 01001010
441 821 639 851 deliberatum
662 821 753 850 fuisse
776 821 807 850 in
832 820 1015 855 consistorio,

35 867 119 909 quod
136 872 201 897 tam
217 866 357 897 dominus
374 865 598 900 Montisferrati,
618 865 669 904 qui
686 865 861 894 discesserat
879 865 918 894 ab
936 865 1017 894 Urbe

35 921 127 942 081188
141 911 232 941 eundi
247 911 287 940 ad
302 910 417 945 balnea,
434 920 525 949 quam
540 909 631 939 ceteri
645 909 736 943 08111.,
754 909 805 948 qui
820 909 850 938 in
866 909 1017 938 furturum

35 955 224 987 discederent
239 955 278 984 ab
294 954 384 989 Urbe,
402 964 496 993 usque
511 953 551 983 ad
566 953 678 982 festum
694 953 828 982 omnium
844 957 1017 982 sanctorum

36 1009 122 1040 μοι.
138 1000 194 1030 fut.
210 999 434 1038 participarent,
450 1008 485 1028 ac
498 998 524 1027 si
537 1001 708 1036 praesentes
723 997 834 1032 forent;
851 1002 881 1026 et
895 997 1017 1026 domino

38 1043 77 1075 de
98 1043 248 1082 Aragonia
269 1042 404 1072 similiter
426 1042 484 1071 fuit
506 1051 679 1071 concessum
701 1041 895 1080 participium
917 1052 935 1070 a
957 1041 1014 1076 die,

37 1098 98 1128 qua
111 1087 246 1118 discessit
258 1087 297 1116 ab
310 1086 399 1121 Urbe,
414 1086 453 1115 ab
465 1085 604 1115 omnibus
616 1086 706 1120 08111.,
722 1085 854 1124 exceptis
867 1096 927 1120 sex,
943 1095 1017 1124 quos

37 1131 111 1165 dicit
127 1141 276 1162 reservare
292 1131 323 1160 in
340 1134 459 1169 pectore
473 1140 566 1169 usque
578 1130 616 1158 ad
629 1134 749 1168 tempus
762 1129 924 1159 divisionis.
944 1130 976 1158 L.
991 1140 1015 1159 c.

113 1185 196 1215 Maii
211 1185 250 1214 10
277 1184 367 1213 Dicta
385 1183 432 1213 die
450 1183 529 1212 idem
548 1183 627 1212 card.
647 1183 818 1222 Montisreg.
839 1183 1018 1212 camerarius

36 1229 141 1260 retulit
152 1228 226 1259 mihi
237 1227 434 1258 deliberatum
447 1227 536 1257 fuisse
548 1238 601 1266 per
613 1238 715 1257 omnes
728 1227 818 1262 08111.,
833 1227 883 1266 qui
896 1227 1018 1256 fuerunt

37 1277 209 1315 praesentes
225 1272 256 1301 111
272 1271 447 1301 consistorio
464 1282 498 1301 ea
515 1271 571 1306 die,
591 1272 671 1310 quod
688 1271 827 1310 deinceps
844 1272 880 1301 D.
895 1271 932 1300 de
944 1271 1017 1300 Cen-

37 1316 216 1352 tun-ionibus,
245 1316 296 1355 qui
321 1320 386 1345 erat
408 1315 606 1355 depositarius
628 1326 650 1345 8.
671 1315 794 1354 collegii,
823 1316 854 1344 in
882 1316 1018 1345 futurum

36 1371 98 1392 m
113 1365 200 1396 esset,
215 1364 247 1390 et
262 1361 326 1390 loco
342 1360 406 1399 ejus
422 1360 574 1398 elegerunt
589 1360 619 1389 in
635 1359 850 1398 depositarium
868 1360 1018 1389 Joannem

37 1404 229 1437 Franciscum
256 1404 293 1434 de
321 1404 504 1443 Frangiottis
531 1404 568 1433 de
596 1404 677 1433 Luca
705 1408 900 1433 mercatorem
929 1404 1016 1434 Rom.

36 1449 152 1486 curiam
167 1453 351 1488 sequentem,
369 1453 400 1478 et
416 1448 497 1487 apud
514 1459 582 1477 eum
598 1448 629 1477 in
645 1448 782 1477 futurum
798 1448 1019 1487 deponerentur

36 1503 141 1525 omnes
159 1493 303 1532 pecuniae
323 1492 445 1531 collegii.
491 1492 548 1527 Qui
570 1493 618 1522 Jo.
641 1493 688 1521 Fr.
710 1492 747 1521 de
768 1492 951 1531 Frangiottis
971 1492 1019 1522 die

38 1538 74 1569 21
90 1537 162 1568 Maii
177 1537 250 1567 011111
266 1537 420 1567 Jeronimo
435 1536 560 1566 retulit
553 1546 584 1565 10
600 1537 668 1565 aula
683 1536 791 1566 domus
806 1536 1018 1566 0811130000-

38 1581 195 1621 magmis,
215 1592 246 1611 se
265 1581 439 1611 convenisse
458 1591 527 1610 cum
548 1581 702 1610 Jeronimo
721 1580 758 1610 de
779 1580 1017 1616 centurionibus,

38 1623 132 1656 fratre
151 1629 183 1655 et
202 1626 281 1655 socio
302 1625 451 1654 Dominici
471 1625 508 1654 de
529 1625 612 1654 Ceut.
634 1625 705 1654 olim
725 1625 916 1663 depositario,
939 1626 1019 1664 quod

37 1678 142 1701 omnes
152 1669 295 1708 pecuniae
306 1669 344 1699 ad
355 1679 378 1699 s.
391 1669 547 1708 collegium
557 1669 741 1708 pertinentes
753 1679 847 1708 usque
858 1669 897 1698 ad
909 1669 1019 1699 festum

38 1717 136 1754 apost.
151 1714 232 1744 Petri
245 1717 277 1743 et
290 1714 376 1743 Pauli
389 1713 609 1752 deponerentur
629 1713 711 1752 apud
731 1713 882 1742 banchum
896 1713 933 1742 (10
947 1714 1019 1742 Cen-

39 1757 217 1792 tux-ionibus,
246 1768 306 1797 quo
332 1762 466 1796 tempore
493 1757 550 1796 ipsi
577 1757 613 1786 de
641 1758 724 1787 Cent.
754 1757 865 1786 facient
892 1757 1020 1796 primam

39 1801 230 1832 divisionem:
252 1805 283 1831 et
293 1802 349 1831 hoc
360 1801 399 1831 ad
410 1802 510 1836 finem,
523 1806 558 1831 ut
568 1802 685 1840 possint·
695 1802 810 1840 exigere
822 1802 860 1830 ab
871 1802 1020 1840 aliquibus

40 1845 121 1876 08111.
147 1845 203 1884 ipsi
227 1845 345 1875 bancho
369 1846 406 1875 de
431 1846 514 1875 Cent.
541 1846 735 1875 debitoribus.
786 1846 818 1875 L.
845 1856 869 1875 c.

115 1889 199 1919 Maii
211 1889 249 1919 19
272 1890 352 1919 card.
367 1889 593 1929 Montisregalis,
608 1890 787 1919 camerarius
801 1890 923 1928 collegii,
940 1890 1021 1919 misit

41 1933 132 1964 libros
148 1938 180 1963 et
196 1933 324 1972 sigillum
341 1934 455 1972 collegii
472 1934 511 1963 811
528 1934 607 1963 card.
628 1934 798 1969 Novarien„
818 1938 853 1963 ut
870 1945 964 1973 usque
982 1934 1021 1964 ad

40 1977 170 2008 reditum
185 1988 273 2007 suum
287 1978 325 2007 de
340 1978 491 2017 Fulgineo‚
508 1988 568 2017 quo
582 1978 647 2007 ibat
661 1982 784 2017 propter
798 1982 923 2017 pestem,
940 1989 1020 2008 exer-

40 2025 121 2052 ceret
135 2021 270 2052 officium
285 2022 452 2057 camerarii;
469 2022 576 2052 deinde
591 2022 638 2051 die
654 2022 790 2052 Mercurii
806 2025 823 2052 5
842 2022 926 2052 Junii
942 2022 1021 2052 idem

39 2065 120 2096 08111.
144 2066 315 2101 Novar-len„
339 2066 436 2096 iussus
458 2076 510 2105 per
535 2066 563 2096 S.
588 2067 630 2101 P.,
655 2066 737 2096 misit
759 2066 855 2096 dictos
878 2066 968 2096 libros
991 2071 1022 2096 et

39 2109 169 2149 sigillum
189 2110 303 2149 collegii
323 2110 361 2139 ad
382 2110 461 2140 card.
484 2110 645 2145 Melfetan„
667 2114 702 2139 ut
722 2111 787 2140 loco
806 2110 852 2140 sui
872 2115 1022 2140 exerceret

40 2153 156 2189 dictum
173 2154 307 2183 officium
323 2154 486 2184 camerarii.
519 2155 551 2183 L.
569 2165 594 2184 0.
612 2154 631 2183 f.
650 2157 695 2184 65.

114 2198 206 2228 «Iunii
220 2199 240 2228 3
265 2198 313 2227 die
329 2198 431 2228 Lunae
449 2198 582 2228 Ferricus
598 2198 646 2227 tit.
663 2209 685 2228 s.
703 2198 810 2228 Vitalis
826 2199 922 2237 presb.
940 2199 1020 2228 card.

39 2242 234 2272 romanensis
258 2247 459 2281 nuncupatus,
486 2243 607 2272 veniens
631 2243 668 2271 de
692 2242 829 2281 partibus
854 2242 1020 2278 Flandriae,

38 2285 186 2326 applicuit
211 2297 242 2316 se
268 2297 336 2316 cum
364 2287 477 2316 familia
503 2287 591 2326 juxta
617 2286 770 2316 ecclesiam
797 2297 819 2315 s.
847 2287 958 2316 Mariae
985 2287 1021 2316 de

39 2330 164 2370 Populo,
201 2330 253 2360 ubi
283 2331 370 2360 stetit
397 2341 490 2370 usque
516 2331 554 2360 ad
581 2330 660 2360 diem
687 2331 789 2360 Lunae
817 2332 853 2360 10
887 2331 1021 2369 ejusdem

38 2374 163 2410 mensim
184 2379 215 2404 et
235 2375 274 2404 ab
295 2375 364 2404 inde
385 2375 549 2404 associatus
571 2385 622 2413 per
643 2385 745 2404 omnes
766 2375 845 2404 card.
868 2385 961 2414 usque
983 2375 1021 2404 ad

38 2418 187 2459 palatium
212 2419 270 2448 fuit
294 2423 431 2458 receptus
456 2430 508 2458 per
534 2419 562 2448 S.
590 2419 621 2448 P.
648 2418 678 2448 in
703 2418 877 2448 consistorio
902 2419 1022 2457 public'o

39 2461 85 2492 811
96 2463 230 2493 08001010
246 2463 357 2502 pedum
374 2468 404 2492 et
421 2473 536 2498 manus,
555 2468 585 2492 et
601 2463 737 2492 similiter
751 2473 805 2501 vper
821 2473 923 2492 omnes
940 2463 1019 2492 card.

41 2505 80 2537 nd
105 2508 238 2537 osculum
265 2507 359 2546 pacis,
406 2507 513 2537 deinde
556 2507 614 2536 fuit
644 2507 700 2536 sibi
726 2518 778 2545 per
807 2507 834 2536 S.
863 2508 895 2536 P.
932 2507 1022 2536 datus

39 2550 172 2592 capellus
187 2551 297 2581 rubeus
313 2552 343 2581 in
360 2551 477 2590 signum
494 2551 697 2581 cardinalatus
714 2556 745 2580 et
761 2551 819 2580 alia
836 2551 926 2586 facta,
946 2561 1022 2590 quae

40 2599 261 2624 consueverunt
283 2595 356 2624 fieri.
403 2595 518 2625 Deinde
541 2606 593 2634 per
619 2595 646 2624 S.
672 2596 704 2624 P.
730 2606 798 2624 cum
821 2595 1022 2624 cardinalibus

41 2638 101 2669 fuit
125 2638 239 2669 factum
263 2639 471 2669 consistorium
495 2640 657 2678 privatum.
707 2640 739 2668 L.
766 2650 790 2668 0.

117 2682 208 2712 Jum'i
221 2683 260 2713 17
283 2683 330 2713 die
344 2683 447 2713 Lunae
462 2683 540 2713 idem
557 2684 586 2714 S.
603 2684 634 2713 P.
651 2683 681 2712 in
696 2683 871 2713 consistorio
886 2683 915 2712 in
930 2683 1022 2722 ipsius

39 2726 187 2766 principio
208 2727 326 2766 aperuit
347 2738 379 2757 os
402 2728 518 2758 Ferrico
539 2728 619 2757 card.
643 2727 830 2761 Tornacensi,
854 2732 884 2756 et
905 2727 944 2756 ab
967 2727 1021 2756 hac

39 2770 90 2800 die
106 2770 137 2800 in
154 2775 243 2800 antea
259 2771 349 2801 debet
371 2772 550 2811 participare
574 2776 604 2801 et
627 2772 718 2801 etiam
742 2772 779 2800 de
803 2771 1022 2810 provisionibus

40 2824 76 2844 08
91 2814 139 2850 die
155 2815 251 2850 factis,
269 2819 304 2845 ut
320 2815 422 2845 retulit
438 2815 510 2845 mihi
526 2816 605 2845 card.
623 2816 785 2850 Melfetan„
805 2816 901 2845 locum
918 2820 1022 2844 tenens

41 2859 195 2889 camerarii
213 2859 336 2898 collegii,
357 2859 435 2899 quia,
455 2864 490 2889 ut
508 2860 622 2889 dictum
641 2864 695 2895 est,
716 2860 745 2889 in
765 2859 910 2899 principio
928 2859 1022 2888 consi—

15 2918 17 2920 ·
39 2902 125 2934 “orii
145 2903 203 2932 fuit
223 2903 278 2932 sibi
299 2907 437 2942 apertum
459 2914 499 2933 os.
542 2904 573 2933 L.
596 2914 620 2933 0.

1037 513 1091 543 547

1037 734 1093 762 458

1038 1131 1093 1160 459

1041 1848 1098 1876 460

1042 2156 1096 2185 461

1043 2640 1098 2669 462

1043 2904 1100 2933 463

2203 151 2246 191 45

1269 247 1358 285 (Sept.
1373 247 1422 285 21)
1449 248 1549 278 obitus
1563 249 1720 279 cardinalis
1734 249 1839 279 Hesler
1851 250 1888 279 de
1902 250 2068 280 Alamania.
2097 250 2129 280 L.
2144 260 2168 280 c.
2190 251 2245 280 464

1267 300 1325 330 Oct.
1347 301 1385 330 28
1416 301 1519 330 retulit
1540 302 1612 331 mihi
1634 302 1788 332 Jeronimo
1808 302 1887 332 card.
1910 303 2168 342 Rothomagensis‚

1194 345 1291 374 locum
1312 349 1416 374 tenens
1436 346 1589 375 camerarii
1609 346 1731 385 collegii,
1753 347 1924 376 convenisse
1945 351 1975 376 et
1994 347 2170 378 deliberasse

1193 399 1262 418 cum
1276 389 1355 418 card.
1371 399 1392 418 s.
1409 389 1490 419 Petri
1503 389 1541 419 ad
1555 390 1643 425 vinc.‚
1659 390 1739 429 quod
1753 390 1878 420 societas
1891 391 1928 420 de
1942 391 2170 421 Oenturionibus

1194 432 1264 462 olim
1295 433 1476 472 depositarii,
1509 434 1559 472 qui
1590 444 1682 473 usque
1713 445 1791 463 nunc
1822 439 1926 464 tenent
1956 435 2168 474 deposituram,

1194 477 1326 506 facerent
1358 478 1437 506 ultra
1469 477 1645 507 divisionem
1678 479 1812 517 proxime
1845 484 2003 508 venturam
2037 480 2169 510 omnium

1194 521 1373 550 Sanctorum
1391 522 1482 551 etiam
1501 522 1634 551 futuram
1652 522 1682 551 in
1700 522 1747 551 die
1766 523 1861 561 prima
1881 523 1901 552 J
1903 523 2017 552 anuarii
2036 524 2168 562 proxime

1142 568 1143 575 ¹
1192 565 1285 594 futuri
1304 565 1611 596 MCCCOLXXXIII:
1630 571 1660 595 et
1679 567 1733 596 hoc
1752 567 1789 595 ad
1808 567 1908 601 finem,
1928 578 1964 596 ne
1977 567 2049 596 dicti
2062 568 2169 597 Centu-

1192 609 1268 638 rioni
1288 609 1318 638 in
1338 610 1488 648 praesenti
1507 610 1652 640 divisione
1672 611 1834 640 retinerent
1853 611 1939 640 nobis
1959 612 2109 641 residuum
2129 612 2170 641 eis

1192 653 1329 682 debitum
1346 664 1363 682 a
1380 654 1501 693 collegio
1517 665 1570 693 pro
1587 655 1707 684 ecclesia
1725 655 1912 690 Bracharen„
1931 666 1965 684 ac
1982 656 2082 690 etiam,
2101 656 2170 695 quia

1193 697 1275 736 apud
1300 708 1349 727 eos
1373 702 1444 727 sunt
1467 698 1656 737 depositatae
1681 699 1823 738 pecuniae
1847 699 1932 738 sigilli
1966 704 1996 728 et
2029 700 2170 729 nonnulla

1193 741 1310 771 minuta
1322 742 1453 777 servitia,
1467 742 1503 771 de
1516 743 1623 781 quibus
1635 743 1804 772 communia
1815 754 1875 772 non
1887 748 1958 772 sunt
1969 744 2075 773 soluta.
2099 745 2131 773 L.
2145 755 2169 773 0.
2190 746 2246 774 465

1269 795 1342 823 Νου.
1362 795 1378 823 1
1409 795 1488 824 card.
1508 795 1758 834 Rothomagensis
1776 800 1933 834 tamquam
1952 797 2048 825 locum
2067 801 2170 826 tenens

1194 838 1346 867 camerarii
1368 839 1481 877 collegii
1503 843 1533 868 et
1554 840 1747 878 postmodum
1769 840 1847 868 card.
1871 840 2096 879 Montisregalis,
2120 841 2170 879 qui

1193 882 1240 911 die
1252 883 1414 920 praeterito
1426 883 1554 912 redierat
1566 883 1596 912 in
1609 884 1729 919 Urbem,
1743 884 1909 913 retulerunt
1921 884 1994 913 mihi
2008 885 2026 914 J
2029 885 2169 920 eronimo,

1192 926 1370 956 mandatum
1387 927 1476 956 fuisse
1493 938 1545 966 per
1564 927 1591 957 S.
1611 928 1643 957 P.
1662 928 1765 957 eadem
1782 928 1829 957 die
1846 928 1876 956 in
1894 929 2023 967 vesperis
2040 929 2070 957 in
2087 939 2169 967 prae-

1192 970 1288 999 sentia
1303 971 1436 1000 omnium
1451 971 1529 1000 card.
1545 971 1655 1001 ibidem
1670 972 1872 1007 existentium,
1889 972 2016 1011 qualiter
2030 973 2170 1002 intentio—

1193 1014 1238 1043 nis
1257 1014 1285 1044 S.
1306 1015 1334 1044 S.
1353 1019 1425 1050 erat,
1444 1015 1525 1054 quod
1543 1016 1562 1045 J
1565 1026 1590 1044 ο.
1609 1016 1645 1045 de
1662 1016 1810 1055 Aragonia
1827 1016 1874 1045 tit.
1892 1027 1914 1046 s.
1932 1016 2056 1046 Adriani
2072 1017 2168 1055 presb.

1193 1058 1272 1088 card.
1292 1059 1348 1094 „de
1364 1059 1534 1097 Aragonia“
1551 1064 1742 1098 nuncupatus
1758 1060 1795 1089 de
1811 1060 2006 1090 divisionibus
2022 1061 2171 1099 praesenti

1193 1102 1241 1132 die
1263 1103 1344 1132 facta
1367 1103 1440 1132 nihil
1463 1104 1553 1133 debet
1576 1104 1762 1143 participare,
1788 1104 1857 1143 quia
1880 1105 1936 1134 11οο
1959 1115 2038 1134 811110
2061 1105 2119 1134 fuit
2140 1105 2171 1134 in

1193 1147 1283 1176 armis
1311 1151 1415 1176 contra
1446 1148 1474 1177 S.
1506 1148 1549 1177 S.:
1579 1152 1609 1177 et
1637 1152 1794 1187 propterea
1821 1149 1852 1177 in
1880 1149 1991 1178 cedulis
2018 1149 2171 1178 divisionis

1194 1191 1327 1220 omnium
1342 1191 1421 1220 card.
1437 1192 1495 1221 fuit
1509 1192 1605 1221 divisa
1618 1192 1716 1231 portio
1730 1192 1864 1231 ejusdem
1878 1193 1957 1222 card.
1972 1193 2009 1222 de
2023 1193 2172 1232 Aragonia

1194 1239 1225 1264 et
1246 1235 1318 1264 data
1341 1236 1447 1265 XXIV
1470 1236 1669 1265 cardinalibus
1691 1236 1950 1275 participantibus.
1994 1237 2027 1266 L.
2050 1248 2074 1266 0.

1270 1289 1343 1318 Nov.
1366 1289 1384 1318 4
1416 1289 1519 1318 retulit
1540 1289 1613 1318 mihi
1634 1289 1713 1318 card.
1737 1290 1953 1328 Montisregalis
1974 1290 2171 1320 deliberatum

1195 1332 1284 1362 fuisse
1310 1343 1363 1371 per
1389 1343 1492 1362 omnes
1518 1333 1597 1362 card.
1626 1338 1796 1372 praesentes
1822 1334 1853 1363 in
1879 1334 2062 1369 consistorio,
2092 1335 2171 1374 quod

1194 1387 1297 1406 omnes
1309 1377 1388 1406 card.
1408 1377 1546 1407 absentes
1562 1388 1580 1406 a
1594 1378 1675 1407 curia
1691 1388 1784 1416 usque
1796 1378 1835 1407 ad
1851 1378 1961 1407 festum
1980 1378 2096 1408 Natalis
2112 1379 2171 1408 Do-

1194 1420 1267 1450 mini
1294 1421 1425 1450 debeant
1451 1421 1638 1460 participare,
1667 1432 1702 1451 80
1729 1422 1753 1451 81
1780 1429 1878 1451 essent
1904 1427 2083 1461 praesentes,
2112 1433 2171 1452 non

1195 1465 1335 1494 obstante
1351 1465 1446 1494 forma
1461 1470 1646 1495 statutorum
1661 1466 1787 1505 collegii3
1804 1466 1859 1496 hoc
1874 1470 1976 1496 tamen
1991 1477 2051 1496 non
2065 1467 2171 1496 intelli-

1194 1509 1274 1548 gitur
1288 1509 1324 1538 de
1339 1509 1418 1538 card.
1434 1510 1471 1539 de
1485 1510 1643 1548 Aragonia,
1659 1521 1696 1539 ne
1710 1510 1918 1540 contradicant
1933 1511 2077 1540 mandato
2094 1511 2121 1540 S.
2137 1511 2170 1540 P.

1197 1553 1238 1582 Et
1250 1553 1305 1582 hoc
1318 1564 1489 1583 concessum
1502 1554 1560 1583 fuit
1572 1565 1608 1583 ex
1620 1554 1716 1593 gratia
1728 1555 1877 1584 nonnullis
1893 1554 1981 1594 justis
1998 1554 2094 1584 causis
2110 1555 2171 1584 801-

1195 1608 1277 1627 01001
1299 1598 1498 1627 moventibus.
1540 1599 1572 1627 L.
1595 1609 1618 1628 0.

1271 1651 1338 1680 Dec.
1365 1651 1403 1680 15
1440 1651 1519 1680 card.
1548 1652 1764 1690 Montisregalis
1790 1652 1893 1681 retulit
1919 1652 1991 1681 mihi
2020 1653 2173 1682 ι101001010

1195 1694 1393 1724 deliberatum
1412 1695 1501 1724 fuisse
1520 1695 1623 1725 eadem
1642 1695 1689 1725 die
1707 1696 1743 1725 de
1763 1706 1849 1725 mane
1868 1696 1898 1724 in
1917 1696 2006 1725 missa
2024 1696 2124 1735 papali
2142 1696 2173 1725 in

1195 1739 1309 1777 palatio
1337 1750 1389 1778 per
1417 1750 1519 1769 omnes
1543 1739 1622 1769 card.
1644 1740 1755 1769 ibidem
1779 1740 1949 1775 existentes,
1979 1741 2059 1779 quod
2084 1741 2170 1770 Fran.

1195 1793 1217 1812 s.
1237 1783 1348 1812 Mariae
1366 1793 1462 1812 novae
1480 1783 1555 1813 diac.
1575 1784 1653 1813 card.
1673 1784 1865 1818 Mantuanus,
1894 1784 1945 1823 qui
1971 1784 2008 1814 de
2029 1785 2173 1814 mandato

1198 1827 1226 1856 S.
1242 1827 1274 1856 P.
1289 1827 1330 1856 110
1343 1827 1433 1857 debet
1447 1828 1561 1866 legatus
1574 1828 1611 1857 de
1625 1828 1715 1857 latere
1729 1828 1759 1857 in
1773 1828 1939 1857 Bononiam
1954 1833 1984 1857 et
1998 1829 2171 1864 Ferrariam,

2191 1238 2247 1267 466

2192 1600 2246 1630 467

1146 1894 1147 1900 .
1196 1875 1331 1910 tempore
1360 1882 1430 1901 suae
1459 1872 1613 1901 absentiae
1642 1872 1820 1911 participare
1849 1872 1947 1907 debet,
1979 1883 2013 1901 80
2043 1873 2066 1902 81
2096 1876 2173 1902 esset

1196 1925 1344 1954 praesens,
1361 1926 1421 1945 non
1436 1916 1576 1945 obstante
1591 1916 1686 1945 forma
1702 1920 1885 1945 statutorum
1902 1916 2035 1954 ejusdem
2050 1917 2171 1955 collegii.

1197 1959 1237 1988 Et
1259 1959 1307 1988 die
1331 1961 1366 1989 18
1388 1959 1522 1998 ejusdem
1544 1960 1652 1989 mensis
1674 1971 1761 1999 super
1783 1960 1868 1989 scalis
1890 1961 1994 1999 palatii
2017 1961 2174 1990 mandavit

1198 2003 1277 2032 idem
1288 2004 1369 2033 card.
1382 2004 1574 2039 Mantuanus,
1596 2004 1676 2043 quod
1692 2015 1793 2033 010008
1805 2005 1924 2033 00110188
1936 2009 1966 2033 et
1979 2005 2173 2043 pertinentias

1197 2047 1253 2076 sibi
1270 2047 1476 2086 contingentes
1493 2048 1631 2077 deberem
1649 2048 1718 2077 dare
1736 2049 1871 2078 societati
1889 2049 1925 2077 de
1944 2049 2171 2078 Centurionibus

1200 2091 1230 2120 in
1250 2092 1414 2121 deductum
1433 2092 1527 2121 debiti
1547 2092 1591 2121 sui
1611 2103 1678 2122 cum
1699 2093 1801 2122 eadem
1822 2093 1963 2122 societate
1976 2103 2029 2131 pro
2042 2093 2172 2131 pecuniis

1196 2140 1302 2165 mutuo
1323 2136 1441 2165 habitis.
1484 2137 1516 2165 L.
1538 2147 1562 2165 c.
2193 2138 2249 2166 468

1273 2190 1340 2218 Dec.
1353 2189 1391 2218 20
1414 2189 1492 2218 card.
1507 2189 1732 2228 Montisregalis,
1746 2190 1924 2219 camerarius
1937 2190 2058 2228 collegii,
2072 2180 2174 2218 retulit

1198 2233 1269 2262 mihi
1287 2233 1440 2262 ι1010011οο
1455 2233 1652 2263 deliberatum
1668 2234 1758 2263 fuisse
1772 2234 1802 2262 in
1817 2234 1991 2263 consistorio
2006 2244 2058 2272 per
2073 2244 2174 2263 omnes

1197 2277 1277 2306 card.
1295 2277 1405 2306 ibidem
1421 2277 1591 2313 existentes,
1610 2278 1689 2316 quod
1707 2278 1725 2307 J
1729 2278 1817 2307 oanni
1833 2278 1880 2307 tit.
1898 2288 1920 2307 s.
1937 2278 2061 2307 Adriani
2076 2278 2172 2316 presb.

1197 2321 1276 2350 card.
1299 2321 1335 2350 de
1355 2322 1504 2360 Aragonia
1525 2332 1654 2360 nuncup.
1676 2322 1785 2351 debeat
1804 2322 1922 2351 restitui
1942 2322 2056 2360 integra
2077 2322 2174 2360 portio

1197 2375 1268 2394 suae
1285 2365 1438 2394 divisionis
1456 2366 1553 2394 factae
1570 2365 1617 2395 die
1636 2367 1650 2395 1
1670 2366 1697 2395 N
1700 2376 1746 2395 ov.
1765 2366 1898 2404 proxime
1916 2366 2077 2404 praeteriti,
2098 2376 2173 2404 quae

1197 2409 1234 2438 de
1253 2409 1396 2438 mandato
1416 2409 1444 2438 S.
1465 2410 1496 2438 P.
1515 2410 1588 2438 data
1606 2410 1663 2439 fuit
1681 2410 1744 2439 aliis
1762 2411 1798 2439 24
1815 2410 1895 2439 card.
1914 2410 2172 2448 participantibus,

1198 2457 1229 2482 et
1243 2453 1394 2482 restitutio
1408 2453 1498 2482 debet
1512 2453 1575 2483 fieri
1590 2464 1660 2483 suae
1674 2454 1826 2483 divisionis
1840 2454 1876 2483 de
1891 2454 2022 2492 pecuniis
2037 2454 2174 2483 ecclesiae

1199 2497 1343 2531 Toletan.‚
1365 2507 1440 2536 quae
1459 2497 1571 2527 debent
1589 2498 1663 2527 solvi
1682 2509 1733 2536 per
1751 2498 1924 2527 societatem
1943 2498 1980 2527 de
2001 2498 2174 2536 Spanochiis

1198 2541 1227 2570 in
1240 2542 1316 2570 festo
1329 2541 1447 2570 Resurr.
1461 2542 1582 2571 Domini
1593 2542 1687 2571 nostri
1698 2542 1831 2580 proxime
1843 2542 1987 2580 sequenti.
2011 2542 2043 2571 L.
2057 2552 2081 2571 0.
2095 2542 2114 2570 f.
2128 2544 2172 2571 66.
2194 2542 2249 2571 469

1275 2595 1341 2623 Dec.
1369 2594 1407 2623 22
1444 2595 1522 2623 card.
1551 2595 1767 2633 Montisregalis
1793 2595 1895 2624 retulit
1922 2595 1993 2624 mihi
2022 2594 2174 2624 Jeronimo

1198 2638 1395 2668 deliberatum
1410 2638 1499 2667 fuisse
1513 2639 1543 2667 in
1557 2639 1633 2674 aula,
1649 2639 1699 2668 ubi
1714 2639 1861 2668 celebrata
1876 2639 1933 2668 fuit
1947 2638 2036 2668 missa
2050 2639 2173 2677 papalis,

1199 2693 1251 2721 per
1265 2692 1367 2711 omnes
1381 2682 1460 2711 card.
1476 2682 1586 2712 ibidem
1601 2683 1770 2717 existentes,
1787 2683 1867 2722 quod
1881 2683 1960 2712 card.
1976 2683 2012 2711 de
2026 2682 2174 2721 Aragonia

1199 2726 1321 2755 deberet
1338 2726 1516 2765 participare
1533 2737 1550 2755 a
1567 2726 1614 2756 die
1633 2728 1646 2756 l
1666 2727 1742 2756 Nov.
1761 2727 1895 2765 proxime
1912 2726 2064 2765 praeteriti
2081 2737 2174 2765 usque

1197 2770 1235 2799 ad
1265 2770 1375 2800 festum
1406 2770 1518 2806 Nativ.‚
1558 2771 1635 2800 sicut
1672 2781 1843 2800 concessum
1874 2771 1972 2800 fuerat
2001 2770 2064 2799 aliis
2094 2770 2172 2800 card.

1200 2814 1382 2850 absentibus,
1406 2825 1465 2844 non
1489 2815 1628 2844 obstante
1651 2815 1746 2844 forma
1768 2818 1952 2844 statutorum
1975 2819 2045 2850 etc.;
2080 2818 2110 2844 et
2132 2814 2174 2844 ita

1199 2858 1337 2887 deberem
1359 2858 1414 2888 sibi
1436 2858 1506 2888 dare
1528 2859 1557 2887 in
1579 2859 1714 2897 proxima
1737 2859 1838 2888 futura
1859 2858 2013 2888 divisione.
2056 2858 2088 2888 L.
2111 2868 2135 2888 c.

2195 2859 2252 2889 470
