<?xml version="1.0" encoding="UTF-8"?>
<!DOCTYPE html PUBLIC "-//W3C//DTD XHTML 1.0 Transitional//EN"
    "http://www.w3.org/TR/xhtml1/DTD/xhtml1-transitional.dtd">
<html xmlns="http://www.w3.org/1999/xhtml" xml:lang="en" lang="en">
 <head>
  <title>
</title>
<meta http-equiv="Content-Type" content="text/html;charset=utf-8" />
  <meta name='ocr-system' content='tesseract 3.04.00' />
  <meta name='ocr-capabilities' content='ocr_page ocr_carea ocr_par ocr_line ocrx_word'/>
</head>
<body>
  <div class='ocr_page' id='page_1' title='image "./hierarchiacathol02eubeuoft_0323.png"; bbox 0 0 2436 3328; ppageno 0'>
   <div class='ocr_carea' id='block_1_1' title="bbox 0 690 26 1055">
    <p class='ocr_par' dir='ltr' id='par_1_1' title="bbox 0 690 26 1055">
     <span class='ocr_line' id='line_1_1' title="bbox 0 690 26 1055; baseline 0 2273"><span class='ocrx_word' id='word_1_1' title='bbox 0 690 26 1055; x_wconf 95' lang='lat' dir='ltr'> </span> 
     </span>
    </p>
   </div>
   <div class='ocr_carea' id='block_1_2' title="bbox 1102 553 1466 619">
    <p class='ocr_par' dir='ltr' id='par_1_2' title="bbox 1102 553 1466 619">
     <span class='ocr_line' id='line_1_2' title="bbox 1102 553 1466 619; baseline 0 -16"><span class='ocrx_word' id='word_1_2' title='bbox 1102 553 1385 619; x_wconf 80' lang='lat' dir='ltr'>Appendix</span> <span class='ocrx_word' id='word_1_3' title='bbox 1422 553 1466 603; x_wconf 94' lang='grc' dir='ltr'>Ι.</span> 
     </span>
    </p>
   </div>
   <div class='ocr_carea' id='block_1_3' title="bbox 203 674 2373 804">
    <p class='ocr_par' dir='ltr' id='par_1_3' title="bbox 203 674 2373 804">
     <span class='ocr_line' id='line_1_3' title="bbox 203 674 2373 726; baseline -0 -11"><span class='ocrx_word' id='word_1_4' title='bbox 203 675 455 724; x_wconf 86' lang='lat' dir='ltr'>Dioeceses,</span> <span class='ocrx_word' id='word_1_5' title='bbox 482 676 534 715; x_wconf 89' lang='lat' dir='ltr'>in</span> <span class='ocrx_word' id='word_1_6' title='bbox 560 676 727 726; x_wconf 85' lang='lat' dir='ltr'>quibus</span> <span class='ocrx_word' id='word_1_7' title='bbox 753 678 971 726; x_wconf 84' lang='lat' dir='ltr'>tempore,</span> <span class='ocrx_word' id='word_1_8' title='bbox 1000 676 1056 715; x_wconf 85' lang='grc'>(10</span> <span class='ocrx_word' id='word_1_9' title='bbox 1083 685 1173 725; x_wconf 90' lang='lat' dir='ltr'>quo</span> <span class='ocrx_word' id='word_1_10' title='bbox 1207 676 1258 715; x_wconf 86' lang='lat' dir='ltr'>in</span> <span class='ocrx_word' id='word_1_11' title='bbox 1285 675 1372 716; x_wconf 84' lang='lat' dir='ltr'>hoc</span> <span class='ocrx_word' id='word_1_12' title='bbox 1399 676 1640 716; x_wconf 87' lang='lat' dir='ltr'>volumine</span> <span class='ocrx_word' id='word_1_13' title='bbox 1662 676 1829 726; x_wconf 83' lang='lat' dir='ltr'>agitur,</span> <span class='ocrx_word' id='word_1_14' title='bbox 1857 674 2145 725; x_wconf 77' lang='lat' dir='ltr'>infrascripti</span> <span class='ocrx_word' id='word_1_15' title='bbox 2168 675 2373 725; x_wconf 82' lang='lat' dir='ltr'>episcopi</span> 
     </span>
     <span class='ocr_line' id='line_1_4' title="bbox 316 753 2258 804; baseline 0 -10"><span class='ocrx_word' id='word_1_16' title='bbox 316 753 634 804; x_wconf 73' lang='lat' dir='ltr'>suffraganeos</span> <span class='ocrx_word' id='word_1_17' title='bbox 661 764 744 794; x_wconf 87' lang='lat' dir='ltr'>seu</span> <span class='ocrx_word' id='word_1_18' title='bbox 769 754 1024 794; x_wconf 85' lang='lat' dir='ltr'>auxiliares</span> <span class='ocrx_word' id='word_1_19' title='bbox 1050 755 1129 794; x_wconf 89' lang='lat' dir='ltr'>vel</span> <span class='ocrx_word' id='word_1_20' title='bbox 1159 755 1288 794; x_wconf 85' lang='lat' dir='ltr'>vices</span> <span class='ocrx_word' id='word_1_21' title='bbox 1314 757 1527 804; x_wconf 81' lang='lat' dir='ltr'><strong>gerentes</strong></span> <span class='ocrx_word' id='word_1_22' title='bbox 1554 755 1605 794; x_wconf 89' lang='lat' dir='ltr'>in</span> <span class='ocrx_word' id='word_1_23' title='bbox 1631 754 1978 804; x_wconf 86' lang='lat' dir='ltr'>pontificalibus</span> <span class='ocrx_word' id='word_1_24' title='bbox 2006 755 2219 804; x_wconf 85' lang='lat' dir='ltr'>agebant.</span> <span class='ocrx_word' id='word_1_25' title='bbox 2230 753 2258 802; x_wconf 92' lang='lat' dir='ltr'>l)</span> 
     </span>
    </p>
   </div>
   <div class='ocr_carea' id='block_1_4' title="bbox 1075 861 1232 864">
    <p class='ocr_par' dir='ltr' id='par_1_4' title="bbox 1075 861 1232 864">
     <span class='ocr_line' id='line_1_5' title="bbox 1075 861 1232 864; baseline 0 0"><span class='ocrx_word' id='word_1_26' title='bbox 1075 861 1232 864; x_wconf 95' lang='lat' dir='ltr'> </span> 
     </span>
    </p>
   </div>
   <div class='ocr_carea' id='block_1_5' title="bbox 1234 857 1496 868">
    <p class='ocr_par' dir='ltr' id='par_1_5' title="bbox 1234 857 1496 868">
     <span class='ocr_line' id='line_1_6' title="bbox 1234 857 1496 868; baseline 0 2460"><span class='ocrx_word' id='word_1_27' title='bbox 1234 857 1496 868; x_wconf 95' lang='lat' dir='ltr'> </span> 
     </span>
    </p>
   </div>
   <div class='ocr_carea' id='block_1_6' title="bbox 149 939 2398 1702">
    <p class='ocr_par' dir='ltr' id='par_1_6' title="bbox 1163 939 1410 974">
     <span class='ocr_line' id='line_1_7' title="bbox 1163 939 1410 974; baseline -0.004 -1"><span class='ocrx_word' id='word_1_28' title='bbox 1163 939 1191 973; x_wconf 92' lang='lat' dir='ltr'>I.</span> <span class='ocrx_word' id='word_1_29' title='bbox 1215 939 1262 974; x_wconf 89' lang='lat' dir='ltr'>In</span> <span class='ocrx_word' id='word_1_30' title='bbox 1285 939 1410 974; x_wconf 80' lang='lat' dir='ltr'>Italia.</span> 
     </span>
    </p>

    <p class='ocr_par' dir='ltr' id='par_1_7' title="bbox 172 1022 1166 1064">
     <span class='ocr_line' id='line_1_8' title="bbox 172 1022 1166 1064; baseline -0.001 -9"><span class='ocrx_word' id='word_1_31' title='bbox 172 1023 338 1055; x_wconf 57' lang='lat' dir='ltr'>asculan.</span> <span class='ocrx_word' id='word_1_32' title='bbox 490 1022 637 1064; x_wconf 78' lang='lat' dir='ltr'>Baptista</span> <span class='ocrx_word' id='word_1_33' title='bbox 660 1022 797 1062; x_wconf 87' lang='lat' dir='ltr'>(Praed.)</span> <span class='ocrx_word' id='word_1_34' title='bbox 821 1022 1051 1064; x_wconf 88' lang='lat' dir='ltr'>Hierapolitan.</span> <span class='ocrx_word' id='word_1_35' title='bbox 1088 1025 1166 1054; x_wconf 88' lang='lat'>1450</span> 
     </span>
    </p>

    <p class='ocr_par' dir='ltr' id='par_1_8' title="bbox 172 1075 1327 1115">
     <span class='ocr_line' id='line_1_9' title="bbox 172 1075 1327 1115; baseline 0.001 -8"><span class='ocrx_word' id='word_1_36' title='bbox 172 1076 365 1112; x_wconf 77' lang='lat' dir='ltr'>Agrigentin.</span> <span class='ocrx_word' id='word_1_37' title='bbox 489 1075 602 1106; x_wconf 84' lang='lat' dir='ltr'>Petrus</span> <span class='ocrx_word' id='word_1_38' title='bbox 622 1075 662 1106; x_wconf 90' lang='lat' dir='ltr'>de</span> <span class='ocrx_word' id='word_1_39' title='bbox 684 1075 788 1106; x_wconf 87' lang='lat' dir='ltr'>Calvls</span> <span class='ocrx_word' id='word_1_40' title='bbox 811 1077 847 1115; x_wconf 88' lang='lat' dir='ltr'>(s.</span> <span class='ocrx_word' id='word_1_41' title='bbox 871 1076 962 1115; x_wconf 89' lang='lat' dir='ltr'>Ben.)</span> <span class='ocrx_word' id='word_1_42' title='bbox 986 1076 1212 1108; x_wconf 85' lang='lat' dir='ltr'>Chalcedonen.</span> <span class='ocrx_word' id='word_1_43' title='bbox 1250 1078 1327 1108; x_wconf 93' lang='lat'>1485</span> 
     </span>
    </p>

    <p class='ocr_par' dir='ltr' id='par_1_9' title="bbox 172 1125 1413 1169">
     <span class='ocr_line' id='line_1_10' title="bbox 172 1125 1413 1169; baseline 0.001 -9"><span class='ocrx_word' id='word_1_44' title='bbox 172 1129 345 1161; x_wconf 81' lang='lat' dir='ltr'>Bononien.</span> <span class='ocrx_word' id='word_1_45' title='bbox 491 1128 630 1159; x_wconf 86' lang='lat' dir='ltr'>Jacobus</span> <span class='ocrx_word' id='word_1_46' title='bbox 651 1128 691 1159; x_wconf 90' lang='grc'>(10</span> <span class='ocrx_word' id='word_1_47' title='bbox 712 1128 837 1159; x_wconf 87' lang='lat' dir='ltr'>Mutina</span> <span class='ocrx_word' id='word_1_48' title='bbox 861 1125 1023 1160; x_wconf 80' lang='lat' dir='ltr'>Sebasten.</span> <span class='ocrx_word' id='word_1_49' title='bbox 1050 1131 1125 1160; x_wconf 88' lang='grc'>1449</span> <span class='ocrx_word' id='word_1_50' title='bbox 1152 1130 1219 1169; x_wconf 75' lang='lat' dir='ltr'>(cfr.</span> <span class='ocrx_word' id='word_1_51' title='bbox 1243 1130 1413 1169; x_wconf 88' lang='lat' dir='ltr'>Mutinen.)</span> 
     </span>
    </p>

    <p class='ocr_par' dir='ltr' id='par_1_10' title="bbox 173 1180 1105 1214">
     <span class='ocr_line' id='line_1_11' title="bbox 173 1180 1105 1214; baseline 0 -1"><span class='ocrx_word' id='word_1_52' title='bbox 173 1181 354 1214; x_wconf 72' lang='grc'>0101000011.</span> <span class='ocrx_word' id='word_1_53' title='bbox 488 1180 543 1212; x_wconf 76' lang='lat' dir='ltr'>cfr.</span> <span class='ocrx_word' id='word_1_54' title='bbox 566 1181 734 1212; x_wconf 89' lang='lat' dir='ltr'>Mediolan.</span> <span class='ocrx_word' id='word_1_55' title='bbox 757 1181 798 1212; x_wconf 89' lang='lat' dir='ltr'>ad</span> <span class='ocrx_word' id='word_1_56' title='bbox 820 1192 848 1212; x_wconf 91' lang='lat' dir='ltr'>a.</span> <span class='ocrx_word' id='word_1_57' title='bbox 875 1183 948 1213; x_wconf 87' lang='lat'>1451</span> <span class='ocrx_word' id='word_1_58' title='bbox 973 1186 1005 1213; x_wconf 83' lang='grc'>01</span> <span class='ocrx_word' id='word_1_59' title='bbox 1029 1183 1105 1213; x_wconf 88' lang='lat'>1479</span> 
     </span>
    </p>

    <p class='ocr_par' dir='ltr' id='par_1_11' title="bbox 173 1233 2397 1329">
     <span class='ocr_line' id='line_1_12' title="bbox 173 1233 2397 1276; baseline 0.001 -10"><span class='ocrx_word' id='word_1_60' title='bbox 173 1235 303 1266; x_wconf 75' lang='grc'>0111111111.</span> <span class='ocrx_word' id='word_1_61' title='bbox 488 1233 637 1265; x_wconf 76' lang='lat' dir='ltr'>Nicolaus</span> <span class='ocrx_word' id='word_1_62' title='bbox 658 1234 697 1265; x_wconf 90' lang='lat' dir='ltr'>de</span> <span class='ocrx_word' id='word_1_63' title='bbox 719 1234 818 1276; x_wconf 87' lang='lat' dir='ltr'>Papia</span> <span class='ocrx_word' id='word_1_64' title='bbox 839 1234 1093 1276; x_wconf 86' lang='lat' dir='ltr'>Helenopolitan.</span> <span class='ocrx_word' id='word_1_65' title='bbox 1119 1237 1195 1266; x_wconf 88' lang='lat'>1444</span> <span class='ocrx_word' id='word_1_66' title='bbox 1218 1236 1285 1275; x_wconf 81' lang='lat' dir='ltr'>(cfr.</span> <span class='ocrx_word' id='word_1_67' title='bbox 1308 1236 1491 1276; x_wconf 87' lang='lat' dir='ltr'>Novarien.)</span> <span class='ocrx_word' id='word_1_68' title='bbox 1516 1255 1555 1259; x_wconf 70' lang='lat'>—</span> <span class='ocrx_word' id='word_1_69' title='bbox 1577 1237 1716 1268; x_wconf 85' lang='lat' dir='ltr'>Jacobus</span> <span class='ocrx_word' id='word_1_70' title='bbox 1738 1237 1777 1268; x_wconf 92' lang='lat' dir='ltr'>de</span> <span class='ocrx_word' id='word_1_71' title='bbox 1798 1237 1972 1268; x_wconf 89' lang='lat' dir='ltr'>Mansuetis</span> <span class='ocrx_word' id='word_1_72' title='bbox 1994 1236 2128 1268; x_wconf 86' lang='lat' dir='ltr'>Biblien.</span> <span class='ocrx_word' id='word_1_73' title='bbox 2154 1236 2230 1268; x_wconf 89' lang='lat'>1457</span> <span class='ocrx_word' id='word_1_74' title='bbox 2255 1255 2295 1258; x_wconf 97' lang='lat'><strong>—</strong></span> <span class='ocrx_word' id='word_1_75' title='bbox 2315 1237 2397 1268; x_wconf 81' lang='lat' dir='ltr'>Mat-</span> 
     </span>
     <span class='ocr_line' id='line_1_13' title="bbox 569 1279 1899 1329; baseline 0.004 -12"><span class='ocrx_word' id='word_1_76' title='bbox 569 1287 682 1318; x_wconf 82' lang='lat' dir='ltr'>thaeus</span> <span class='ocrx_word' id='word_1_77' title='bbox 708 1287 748 1318; x_wconf 91' lang='lat' dir='ltr'>de</span> <span class='ocrx_word' id='word_1_78' title='bbox 774 1287 887 1318; x_wconf 92' lang='lat' dir='ltr'>Lulino</span> <span class='ocrx_word' id='word_1_79' title='bbox 915 1288 1053 1328; x_wconf 85' lang='lat' dir='ltr'>(Praed.)</span> <span class='ocrx_word' id='word_1_80' title='bbox 1080 1289 1248 1320; x_wconf 79' lang='lat' dir='ltr'>Laodicen.</span> <span class='ocrx_word' id='word_1_81' title='bbox 1279 1289 1355 1320; x_wconf 90' lang='lat'>1497</span> <span class='ocrx_word' id='word_1_82' title='bbox 1383 1289 1450 1329; x_wconf 82' lang='lat' dir='ltr'>(cfr.</span> <span class='ocrx_word' id='word_1_83' title='bbox 1479 1289 1661 1329; x_wconf 86' lang='lat' dir='ltr'>Mediolan.)</span> <span class='ocrx_word' id='word_1_84' title='bbox 1895 1279 1899 1284; x_wconf 36' lang='lat'>¹</span> 
     </span>
    </p>

    <p class='ocr_par' dir='ltr' id='par_1_12' title="bbox 172 1339 1226 1382">
     <span class='ocr_line' id='line_1_14' title="bbox 172 1339 1226 1382; baseline 0 -10"><span class='ocrx_word' id='word_1_85' title='bbox 172 1340 309 1372; x_wconf 68' lang='lat' dir='ltr'>Firman-</span> <span class='ocrx_word' id='word_1_86' title='bbox 489 1339 630 1371; x_wconf 87' lang='lat' dir='ltr'>Joannes</span> <span class='ocrx_word' id='word_1_87' title='bbox 651 1340 762 1371; x_wconf 87' lang='lat' dir='ltr'>Cecohi</span> <span class='ocrx_word' id='word_1_88' title='bbox 785 1341 886 1380; x_wconf 92' lang='lat' dir='ltr'>(Min.)</span> <span class='ocrx_word' id='word_1_89' title='bbox 910 1341 1123 1382; x_wconf 86' lang='lat' dir='ltr'>Nicopolitan.</span> <span class='ocrx_word' id='word_1_90' title='bbox 1149 1343 1226 1372; x_wconf 91' lang='lat'>1410</span> 
     </span>
    </p>

    <p class='ocr_par' dir='ltr' id='par_1_13' title="bbox 172 1392 1146 1436">
     <span class='ocr_line' id='line_1_15' title="bbox 172 1392 1146 1436; baseline 0 -11"><span class='ocrx_word' id='word_1_91' title='bbox 172 1393 341 1425; x_wconf 65' lang='lat' dir='ltr'>florentin.</span> <span class='ocrx_word' id='word_1_92' title='bbox 488 1392 600 1424; x_wconf 84' lang='lat' dir='ltr'>Petrus</span> <span class='ocrx_word' id='word_1_93' title='bbox 622 1393 661 1424; x_wconf 93' lang='grc'>(10</span> <span class='ocrx_word' id='word_1_94' title='bbox 683 1393 865 1424; x_wconf 87' lang='lat' dir='ltr'>Aureacella</span> <span class='ocrx_word' id='word_1_95' title='bbox 887 1394 1043 1436; x_wconf 89' lang='lat' dir='ltr'>Megaren.</span> <span class='ocrx_word' id='word_1_96' title='bbox 1069 1395 1146 1425; x_wconf 91' lang='lat'>1500</span> 
     </span>
    </p>

    <p class='ocr_par' dir='ltr' id='par_1_14' title="bbox 172 1445 1009 1487">
     <span class='ocr_line' id='line_1_16' title="bbox 172 1445 1009 1487; baseline 0.001 -10"><span class='ocrx_word' id='word_1_97' title='bbox 172 1446 366 1482; x_wconf 67' lang='lat' dir='ltr'>rulgmaoen.</span> <span class='ocrx_word' id='word_1_98' title='bbox 490 1445 629 1477; x_wconf 86' lang='lat' dir='ltr'>Joannes</span> <span class='ocrx_word' id='word_1_99' title='bbox 651 1446 906 1487; x_wconf 87' lang='lat' dir='ltr'>Helenopolitan.</span> <span class='ocrx_word' id='word_1_100' title='bbox 931 1448 1009 1478; x_wconf 90' lang='lat'>1484</span> 
     </span>
    </p>

    <p class='ocr_par' dir='ltr' id='par_1_15' title="bbox 149 1498 977 1541">
     <span class='ocr_line' id='line_1_17' title="bbox 149 1498 977 1541; baseline 0.001 -11"><span class='ocrx_word' id='word_1_101' title='bbox 149 1509 154 1513; x_wconf 92' lang='grc'><strong>’</strong></span> <span class='ocrx_word' id='word_1_102' title='bbox 173 1499 308 1531; x_wconf 61' lang='lat' dir='ltr'>&#39;annen-</span> <span class='ocrx_word' id='word_1_103' title='bbox 488 1498 668 1530; x_wconf 80' lang='lat' dir='ltr'>Bernardus</span> <span class='ocrx_word' id='word_1_104' title='bbox 689 1499 875 1541; x_wconf 87' lang='lat' dir='ltr'>Tripolitan.</span> <span class='ocrx_word' id='word_1_105' title='bbox 901 1501 977 1531; x_wconf 87' lang='lat'>1483</span> 
     </span>
    </p>

    <p class='ocr_par' dir='ltr' id='par_1_16' title="bbox 170 1551 2396 1638">
     <span class='ocr_line' id='line_1_18' title="bbox 170 1551 2396 1596; baseline 0.002 -14"><span class='ocrx_word' id='word_1_106' title='bbox 170 1551 334 1583; x_wconf 71' lang='lat' dir='ltr'>uantum.</span> <span class='ocrx_word' id='word_1_107' title='bbox 488 1551 622 1583; x_wconf 78' lang='lat' dir='ltr'>Basilius</span> <span class='ocrx_word' id='word_1_108' title='bbox 642 1552 758 1592; x_wconf 85' lang='lat' dir='ltr'>(Serv.)</span> <span class='ocrx_word' id='word_1_109' title='bbox 778 1552 1008 1594; x_wconf 84' lang='lat' dir='ltr'>Hierapolitan.</span> <span class='ocrx_word' id='word_1_110' title='bbox 1030 1554 1107 1584; x_wconf 94' lang='lat'>1446</span> <span class='ocrx_word' id='word_1_111' title='bbox 1131 1572 1169 1575; x_wconf 85' lang='lat'>—</span> <span class='ocrx_word' id='word_1_112' title='bbox 1193 1553 1374 1585; x_wconf 90' lang='lat' dir='ltr'>Ludovicus</span> <span class='ocrx_word' id='word_1_113' title='bbox 1392 1554 1431 1586; x_wconf 90' lang='lat' dir='ltr'>de</span> <span class='ocrx_word' id='word_1_114' title='bbox 1450 1554 1612 1596; x_wconf 83' lang='lat' dir='ltr'>Aldegatis</span> <span class='ocrx_word' id='word_1_115' title='bbox 1631 1555 1796 1587; x_wconf 88' lang='lat' dir='ltr'>Lamosen.</span> <span class='ocrx_word' id='word_1_116' title='bbox 1819 1555 1896 1586; x_wconf 89' lang='lat'>1473</span> <span class='ocrx_word' id='word_1_117' title='bbox 1928 1573 1967 1577; x_wconf 97' lang='lat'><strong>—</strong></span> <span class='ocrx_word' id='word_1_118' title='bbox 1996 1555 2145 1586; x_wconf 82' lang='lat' dir='ltr'>Cominus</span> <span class='ocrx_word' id='word_1_119' title='bbox 2164 1555 2203 1586; x_wconf 91' lang='lat' dir='ltr'>de</span> <span class='ocrx_word' id='word_1_120' title='bbox 2222 1555 2396 1586; x_wconf 84' lang='lat' dir='ltr'>Pontevico</span> 
     </span>
     <span class='ocr_line' id='line_1_19' title="bbox 568 1605 1420 1638; baseline 0.002 -2"><span class='ocrx_word' id='word_1_121' title='bbox 568 1605 733 1636; x_wconf 86' lang='lat' dir='ltr'>Lamosen.</span> <span class='ocrx_word' id='word_1_122' title='bbox 759 1607 835 1636; x_wconf 89' lang='lat'>1486</span> <span class='ocrx_word' id='word_1_123' title='bbox 859 1624 898 1628; x_wconf 79' lang='lat'>—</span> <span class='ocrx_word' id='word_1_124' title='bbox 918 1606 1131 1638; x_wconf 86' lang='lat' dir='ltr'>Bernardinus</span> <span class='ocrx_word' id='word_1_125' title='bbox 1153 1606 1317 1638; x_wconf 86' lang='lat' dir='ltr'>Lamosen.</span> <span class='ocrx_word' id='word_1_126' title='bbox 1343 1608 1420 1638; x_wconf 84' lang='lat'>1504</span> 
     </span>
    </p>

    <p class='ocr_par' dir='ltr' id='par_1_17' title="bbox 169 1657 2398 1702">
     <span class='ocr_line' id='line_1_20' title="bbox 169 1657 2398 1702; baseline 0.001 -13"><span class='ocrx_word' id='word_1_127' title='bbox 169 1657 336 1690; x_wconf 64' lang='lat' dir='ltr'>molan.</span> <span class='ocrx_word' id='word_1_128' title='bbox 487 1658 671 1689; x_wconf 88' lang='lat' dir='ltr'>Timotheus</span> <span class='ocrx_word' id='word_1_129' title='bbox 699 1659 786 1698; x_wconf 86' lang='lat' dir='ltr'>(Can.</span> <span class='ocrx_word' id='word_1_130' title='bbox 815 1660 891 1700; x_wconf 87' lang='lat' dir='ltr'>reg.)</span> <span class='ocrx_word' id='word_1_131' title='bbox 919 1659 1131 1701; x_wconf 89' lang='lat' dir='ltr'>Nicopolitan.</span> <span class='ocrx_word' id='word_1_132' title='bbox 1162 1661 1238 1690; x_wconf 88' lang='lat'>1442</span> <span class='ocrx_word' id='word_1_133' title='bbox 1285 1678 1323 1682; x_wconf 74' lang='lat'>—</span> <span class='ocrx_word' id='word_1_134' title='bbox 1365 1660 1556 1692; x_wconf 72' lang='lat' dir='ltr'>Benedictus</span> <span class='ocrx_word' id='word_1_135' title='bbox 1592 1660 1634 1692; x_wconf 77' lang='lat' dir='ltr'>&#39;de</span> <span class='ocrx_word' id='word_1_136' title='bbox 1677 1661 1837 1692; x_wconf 91' lang='lat' dir='ltr'>Adovaria</span> <span class='ocrx_word' id='word_1_137' title='bbox 1873 1661 1976 1701; x_wconf 88' lang='lat' dir='ltr'>(Min.)</span> <span class='ocrx_word' id='word_1_138' title='bbox 2013 1660 2199 1702; x_wconf 85' lang='lat' dir='ltr'>Tripolitan.</span> <span class='ocrx_word' id='word_1_139' title='bbox 2238 1661 2313 1692; x_wconf 90' lang='lat'>1451</span> <span class='ocrx_word' id='word_1_140' title='bbox 2358 1679 2398 1683; x_wconf 93' lang='lat'>—-</span> 
     </span>
    </p>
   </div>
   <div class='ocr_carea' id='block_1_7' title="bbox 568 1711 2397 1807">
    <p class='ocr_par' dir='ltr' id='par_1_18' title="bbox 568 1711 2397 1807">
     <span class='ocr_line' id='line_1_21' title="bbox 569 1711 2397 1755; baseline 0.001 -13"><span class='ocrx_word' id='word_1_141' title='bbox 569 1711 686 1742; x_wconf 86' lang='lat' dir='ltr'>Paulus</span> <span class='ocrx_word' id='word_1_142' title='bbox 708 1711 747 1742; x_wconf 86' lang='lat' dir='ltr'>de</span> <span class='ocrx_word' id='word_1_143' title='bbox 770 1722 794 1743; x_wconf 79' lang='lat' dir='ltr'>s,</span> <span class='ocrx_word' id='word_1_144' title='bbox 820 1712 953 1744; x_wconf 83' lang='lat' dir='ltr'>Genesio</span> <span class='ocrx_word' id='word_1_145' title='bbox 975 1712 1230 1753; x_wconf 81' lang='lat' dir='ltr'>Helenopolitan.</span> <span class='ocrx_word' id='word_1_146' title='bbox 1257 1714 1333 1744; x_wconf 90' lang='lat'>1455</span> <span class='ocrx_word' id='word_1_147' title='bbox 1356 1732 1395 1735; x_wconf 90' lang='lat'>-—</span> <span class='ocrx_word' id='word_1_148' title='bbox 1416 1713 1679 1745; x_wconf 82' lang='lat' dir='ltr'>Bartholomaeus</span> <span class='ocrx_word' id='word_1_149' title='bbox 1700 1714 1740 1745; x_wconf 92' lang='grc'>(10</span> <span class='ocrx_word' id='word_1_150' title='bbox 1764 1714 1894 1746; x_wconf 84' lang='lat' dir='ltr'>Gisulfis</span> <span class='ocrx_word' id='word_1_151' title='bbox 1918 1714 2020 1754; x_wconf 85' lang='lat' dir='ltr'>(Min.)</span> <span class='ocrx_word' id='word_1_152' title='bbox 2044 1713 2231 1755; x_wconf 84' lang='lat' dir='ltr'>Tripolitan.</span> <span class='ocrx_word' id='word_1_153' title='bbox 2257 1713 2334 1745; x_wconf 90' lang='lat'>1479</span> <span class='ocrx_word' id='word_1_154' title='bbox 2357 1731 2397 1736; x_wconf 86' lang='lat'><em>-</em></span> 
     </span>
     <span class='ocr_line' id='line_1_22' title="bbox 568 1764 1678 1807; baseline 0.003 -12"><span class='ocrx_word' id='word_1_155' title='bbox 568 1764 751 1795; x_wconf 87' lang='lat' dir='ltr'>Matthaeus</span> <span class='ocrx_word' id='word_1_156' title='bbox 775 1764 814 1796; x_wconf 89' lang='lat' dir='ltr'>de</span> <span class='ocrx_word' id='word_1_157' title='bbox 838 1765 951 1796; x_wconf 86' lang='lat' dir='ltr'>Lulino</span> <span class='ocrx_word' id='word_1_158' title='bbox 977 1765 1115 1805; x_wconf 86' lang='lat' dir='ltr'>(Praed.)</span> <span class='ocrx_word' id='word_1_159' title='bbox 1141 1765 1308 1797; x_wconf 86' lang='lat' dir='ltr'>Laodicen.</span> <span class='ocrx_word' id='word_1_160' title='bbox 1336 1766 1412 1797; x_wconf 90' lang='lat'>1497</span> <span class='ocrx_word' id='word_1_161' title='bbox 1439 1766 1506 1807; x_wconf 77' lang='lat' dir='ltr'>(cfr.</span> <span class='ocrx_word' id='word_1_162' title='bbox 1532 1767 1678 1806; x_wconf 87' lang='lat' dir='ltr'>Cuman.)</span> 
     </span>
    </p>
   </div>
   <div class='ocr_carea' id='block_1_8' title="bbox 141 1815 2394 2336">
    <p class='ocr_par' dir='ltr' id='par_1_19' title="bbox 141 1815 2394 2336">
     <span class='ocr_line' id='line_1_23' title="bbox 171 1815 2394 1861; baseline 0.002 -14"><span class='ocrx_word' id='word_1_163' title='bbox 171 1815 324 1847; x_wconf 64' lang='lat' dir='ltr'>mutinen.</span> <span class='ocrx_word' id='word_1_164' title='bbox 489 1817 629 1848; x_wconf 85' lang='lat' dir='ltr'>Jacobus</span> <span class='ocrx_word' id='word_1_165' title='bbox 657 1817 696 1849; x_wconf 95' lang='lat' dir='ltr'>de</span> <span class='ocrx_word' id='word_1_166' title='bbox 724 1817 849 1849; x_wconf 91' lang='lat' dir='ltr'>Mutina</span> <span class='ocrx_word' id='word_1_167' title='bbox 880 1818 1042 1849; x_wconf 87' lang='lat' dir='ltr'>Sebasten.</span> <span class='ocrx_word' id='word_1_168' title='bbox 1075 1819 1151 1849; x_wconf 90' lang='lat'>1449</span> <span class='ocrx_word' id='word_1_169' title='bbox 1182 1819 1249 1858; x_wconf 80' lang='lat' dir='ltr'>(cfr.</span> <span class='ocrx_word' id='word_1_170' title='bbox 1280 1819 1467 1859; x_wconf 88' lang='lat' dir='ltr'>Bononien.)</span> <span class='ocrx_word' id='word_1_171' title='bbox 1491 1838 1530 1841; x_wconf 97' lang='lat'><strong>—</strong></span> <span class='ocrx_word' id='word_1_172' title='bbox 1551 1820 1703 1860; x_wconf 85' lang='lat' dir='ltr'>Georgius</span> <span class='ocrx_word' id='word_1_173' title='bbox 1731 1820 1770 1851; x_wconf 90' lang='lat' dir='ltr'>de</span> <span class='ocrx_word' id='word_1_174' title='bbox 1799 1820 1901 1861; x_wconf 85' lang='lat' dir='ltr'>Carpo</span> <span class='ocrx_word' id='word_1_175' title='bbox 1931 1820 2036 1859; x_wconf 88' lang='lat' dir='ltr'>(Min.)</span> <span class='ocrx_word' id='word_1_176' title='bbox 2068 1820 2145 1850; x_wconf 90' lang='lat'>1456</span> <span class='ocrx_word' id='word_1_177' title='bbox 2169 1837 2208 1841; x_wconf 97' lang='lat'><strong>—</strong></span> <span class='ocrx_word' id='word_1_178' title='bbox 2228 1819 2394 1861; x_wconf 89' lang='lat' dir='ltr'>Philippus</span> 
     </span>
     <span class='ocr_line' id='line_1_24' title="bbox 567 1870 1078 1902; baseline 0.004 -2"><span class='ocrx_word' id='word_1_179' title='bbox 567 1870 606 1901; x_wconf 89' lang='grc'>(10</span> <span class='ocrx_word' id='word_1_180' title='bbox 627 1870 794 1902; x_wconf 86' lang='lat' dir='ltr'>Villanova</span> <span class='ocrx_word' id='word_1_181' title='bbox 819 1870 976 1902; x_wconf 87' lang='lat' dir='ltr'>Sidonien.</span> <span class='ocrx_word' id='word_1_182' title='bbox 1002 1872 1078 1902; x_wconf 87' lang='lat'>1499</span> 
     </span>
     <span class='ocr_line' id='line_1_25' title="bbox 170 1920 2314 1966; baseline 0.002 -15"><span class='ocrx_word' id='word_1_183' title='bbox 170 1920 335 1954; x_wconf 72' lang='lat' dir='ltr'>novarien.</span> <span class='ocrx_word' id='word_1_184' title='bbox 487 1922 635 1954; x_wconf 87' lang='lat' dir='ltr'>Nicolaus</span> <span class='ocrx_word' id='word_1_185' title='bbox 658 1923 697 1954; x_wconf 90' lang='lat' dir='ltr'>de</span> <span class='ocrx_word' id='word_1_186' title='bbox 721 1923 821 1965; x_wconf 89' lang='lat' dir='ltr'>Papia</span> <span class='ocrx_word' id='word_1_187' title='bbox 844 1924 1099 1966; x_wconf 87' lang='lat' dir='ltr'>Helenopolitan.</span> <span class='ocrx_word' id='word_1_188' title='bbox 1128 1925 1204 1955; x_wconf 89' lang='lat'>1444</span> <span class='ocrx_word' id='word_1_189' title='bbox 1230 1924 1296 1964; x_wconf 81' lang='lat' dir='ltr'>(cfr.</span> <span class='ocrx_word' id='word_1_190' title='bbox 1322 1925 1468 1965; x_wconf 86' lang='lat' dir='ltr'>Cuman.)</span> <span class='ocrx_word' id='word_1_191' title='bbox 1493 1944 1531 1947; x_wconf 97' lang='lat'><strong>—</strong></span> <span class='ocrx_word' id='word_1_192' title='bbox 1553 1925 1680 1957; x_wconf 86' lang='lat' dir='ltr'>Gabriel</span> <span class='ocrx_word' id='word_1_193' title='bbox 1703 1926 1743 1957; x_wconf 90' lang='lat' dir='ltr'>de</span> <span class='ocrx_word' id='word_1_194' title='bbox 1767 1925 1903 1957; x_wconf 88' lang='lat' dir='ltr'>Privallo</span> <span class='ocrx_word' id='word_1_195' title='bbox 1929 1925 2033 1965; x_wconf 87' lang='lat' dir='ltr'>(Cist.)</span> <span class='ocrx_word' id='word_1_196' title='bbox 2059 1925 2208 1966; x_wconf 86' lang='lat' dir='ltr'>Beryten.</span> <span class='ocrx_word' id='word_1_197' title='bbox 2235 1926 2314 1956; x_wconf 88' lang='lat'>1460</span> 
     </span>
     <span class='ocr_line' id='line_1_26' title="bbox 141 1972 1447 2017; baseline 0.002 -11"><span class='ocrx_word' id='word_1_198' title='bbox 141 1972 157 1978; x_wconf 59' lang='lat'>&#39;⁷</span> <span class='ocrx_word' id='word_1_199' title='bbox 171 1973 353 2009; x_wconf 71' lang='lat' dir='ltr'>Pergamon.</span> <span class='ocrx_word' id='word_1_200' title='bbox 489 1974 639 2007; x_wconf 85' lang='lat' dir='ltr'>Silvester</span> <span class='ocrx_word' id='word_1_201' title='bbox 659 1975 698 2007; x_wconf 90' lang='lat' dir='ltr'>de</span> <span class='ocrx_word' id='word_1_202' title='bbox 721 1976 901 2008; x_wconf 76' lang='lat' dir='ltr'>Benedictis</span> <span class='ocrx_word' id='word_1_203' title='bbox 923 1977 1150 2017; x_wconf 85' lang='lat' dir='ltr'>(Vallisumbr.)</span> <span class='ocrx_word' id='word_1_204' title='bbox 1174 1978 1345 2009; x_wconf 87' lang='lat' dir='ltr'>Castorien.</span> <span class='ocrx_word' id='word_1_205' title='bbox 1371 1979 1447 2009; x_wconf 89' lang='lat'>1496</span> 
     </span>
     <span class='ocr_line' id='line_1_27' title="bbox 173 2026 1187 2072; baseline 0.004 -14"><span class='ocrx_word' id='word_1_206' title='bbox 173 2026 357 2062; x_wconf 69' lang='lat' dir='ltr'>syracusan.</span> <span class='ocrx_word' id='word_1_207' title='bbox 487 2027 624 2059; x_wconf 81' lang='lat' dir='ltr'>Thomas</span> <span class='ocrx_word' id='word_1_208' title='bbox 646 2029 763 2060; x_wconf 86' lang='lat' dir='ltr'>Curato</span> <span class='ocrx_word' id='word_1_209' title='bbox 786 2030 924 2070; x_wconf 89' lang='lat' dir='ltr'>(Praed.)</span> <span class='ocrx_word' id='word_1_210' title='bbox 949 2030 1085 2072; x_wconf 89' lang='lat' dir='ltr'>Joppen.</span> <span class='ocrx_word' id='word_1_211' title='bbox 1111 2031 1187 2061; x_wconf 88' lang='lat'>1446</span> 
     </span>
     <span class='ocr_line' id='line_1_28' title="bbox 171 2079 1351 2124; baseline 0.003 -13"><span class='ocrx_word' id='word_1_212' title='bbox 171 2079 337 2112; x_wconf 68' lang='lat' dir='ltr'>Taurinou.</span> <span class='ocrx_word' id='word_1_213' title='bbox 489 2080 640 2122; x_wconf 84' lang='lat' dir='ltr'>Georgius</span> <span class='ocrx_word' id='word_1_214' title='bbox 662 2081 701 2112; x_wconf 90' lang='lat' dir='ltr'>de</span> <span class='ocrx_word' id='word_1_215' title='bbox 722 2081 862 2123; x_wconf 82' lang='lat' dir='ltr'>Regibus</span> <span class='ocrx_word' id='word_1_216' title='bbox 885 2083 986 2123; x_wconf 89' lang='lat' dir='ltr'>(Min.)</span> <span class='ocrx_word' id='word_1_217' title='bbox 1012 2083 1248 2124; x_wconf 87' lang='lat' dir='ltr'>Sebastopolen.</span> <span class='ocrx_word' id='word_1_218' title='bbox 1274 2084 1351 2115; x_wconf 89' lang='lat'>1450</span> 
     </span>
     <span class='ocr_line' id='line_1_29' title="bbox 170 2132 1109 2176; baseline 0.004 -12"><span class='ocrx_word' id='word_1_219' title='bbox 170 2132 319 2165; x_wconf 65' lang='lat' dir='ltr'>Tarvisin.</span> <span class='ocrx_word' id='word_1_220' title='bbox 487 2133 600 2165; x_wconf 86' lang='lat' dir='ltr'>Daniel</span> <span class='ocrx_word' id='word_1_221' title='bbox 623 2134 688 2174; x_wconf 87' lang='lat' dir='ltr'>(Er.</span> <span class='ocrx_word' id='word_1_222' title='bbox 711 2145 735 2166; x_wconf 93' lang='lat' dir='ltr'>s.</span> <span class='ocrx_word' id='word_1_223' title='bbox 758 2135 852 2176; x_wconf 88' lang='lat' dir='ltr'>Aug.)</span> <span class='ocrx_word' id='word_1_224' title='bbox 874 2136 1005 2168; x_wconf 88' lang='lat' dir='ltr'>Rossen.</span> <span class='ocrx_word' id='word_1_225' title='bbox 1031 2137 1109 2168; x_wconf 90' lang='lat'>1470</span> 
     </span>
     <span class='ocr_line' id='line_1_30' title="bbox 171 2185 2149 2231; baseline 0.002 -15"><span class='ocrx_word' id='word_1_226' title='bbox 171 2185 340 2218; x_wconf 75' lang='lat' dir='ltr'>vercellen.</span> <span class='ocrx_word' id='word_1_227' title='bbox 487 2186 643 2218; x_wconf 90' lang='lat' dir='ltr'>Henricus</span> <span class='ocrx_word' id='word_1_228' title='bbox 669 2187 708 2218; x_wconf 90' lang='lat' dir='ltr'>de</span> <span class='ocrx_word' id='word_1_229' title='bbox 735 2187 872 2219; x_wconf 85' lang='lat' dir='ltr'>Albertis</span> <span class='ocrx_word' id='word_1_230' title='bbox 900 2190 936 2229; x_wconf 87' lang='lat' dir='ltr'>(s.</span> <span class='ocrx_word' id='word_1_231' title='bbox 965 2189 1055 2229; x_wconf 91' lang='lat' dir='ltr'>Ben.)</span> <span class='ocrx_word' id='word_1_232' title='bbox 1084 2190 1239 2220; x_wconf 87' lang='lat' dir='ltr'>Acconen.</span> <span class='ocrx_word' id='word_1_233' title='bbox 1270 2191 1345 2220; x_wconf 89' lang='lat'>1459</span> <span class='ocrx_word' id='word_1_234' title='bbox 1369 2208 1408 2212; x_wconf 91' lang='lat'>——-</span> <span class='ocrx_word' id='word_1_235' title='bbox 1428 2190 1671 2231; x_wconf 87' lang='lat' dir='ltr'>Christophorus</span> <span class='ocrx_word' id='word_1_236' title='bbox 1698 2190 1799 2222; x_wconf 86' lang='lat' dir='ltr'>Amici</span> <span class='ocrx_word' id='word_1_237' title='bbox 1827 2190 2042 2222; x_wconf 87' lang='lat' dir='ltr'>Bethleemen.</span> <span class='ocrx_word' id='word_1_238' title='bbox 2072 2189 2149 2221; x_wconf 90' lang='lat'>1473</span> 
     </span>
     <span class='ocr_line' id='line_1_31' title="bbox 171 2238 1004 2282; baseline 0.002 -12"><span class='ocrx_word' id='word_1_239' title='bbox 171 2238 324 2271; x_wconf 77' lang='lat' dir='ltr'>veronen.</span> <span class='ocrx_word' id='word_1_240' title='bbox 487 2239 669 2271; x_wconf 82' lang='lat' dir='ltr'>Matthaeus</span> <span class='ocrx_word' id='word_1_241' title='bbox 691 2240 875 2282; x_wconf 86' lang='lat' dir='ltr'>Tripolitan.</span> <span class='ocrx_word' id='word_1_242' title='bbox 900 2242 1004 2281; x_wconf 89' lang='lat'>(1450)</span> 
     </span>
     <span class='ocr_line' id='line_1_32' title="bbox 171 2291 1508 2336; baseline 0.004 -14"><span class='ocrx_word' id='word_1_243' title='bbox 171 2291 323 2323; x_wconf 80' lang='lat' dir='ltr'>Vioentin.</span> <span class='ocrx_word' id='word_1_244' title='bbox 487 2292 635 2324; x_wconf 89' lang='lat' dir='ltr'>Nicolaus</span> <span class='ocrx_word' id='word_1_245' title='bbox 661 2293 700 2324; x_wconf 91' lang='lat' dir='ltr'>de</span> <span class='ocrx_word' id='word_1_246' title='bbox 726 2293 844 2325; x_wconf 85' lang='lat' dir='ltr'>Rochis</span> <span class='ocrx_word' id='word_1_247' title='bbox 871 2294 1098 2334; x_wconf 86' lang='lat' dir='ltr'>(Vallisumbr.)</span> <span class='ocrx_word' id='word_1_248' title='bbox 1126 2295 1402 2336; x_wconf 86' lang='lat' dir='ltr'>Augustopolitan.</span> <span class='ocrx_word' id='word_1_249' title='bbox 1432 2297 1508 2327; x_wconf 89' lang='grc'>1452</span> 
     </span>
    </p>
   </div>
   <div class='ocr_carea' id='block_1_9' title="bbox 932 2413 1597 2458">
    <p class='ocr_par' dir='ltr' id='par_1_20' title="bbox 932 2413 1597 2458">
     <span class='ocr_line' id='line_1_33' title="bbox 932 2413 1597 2458; baseline 0.003 -12"><span class='ocrx_word' id='word_1_250' title='bbox 932 2413 978 2446; x_wconf 92' lang='grc' dir='ltr'>Π.</span> <span class='ocrx_word' id='word_1_251' title='bbox 1002 2413 1048 2447; x_wconf 84' lang='grc'>111</span> <span class='ocrx_word' id='word_1_252' title='bbox 1070 2413 1263 2457; x_wconf 87' lang='lat' dir='ltr'>Hispania</span> <span class='ocrx_word' id='word_1_253' title='bbox 1286 2415 1325 2448; x_wconf 86' lang='lat' dir='ltr'>et</span> <span class='ocrx_word' id='word_1_254' title='bbox 1347 2413 1597 2458; x_wconf 82' lang='lat' dir='ltr'>Portugallia.</span> 
     </span>
    </p>
   </div>
   <div class='ocr_carea' id='block_1_10' title="bbox 237 2847 490 2851">
    <p class='ocr_par' dir='ltr' id='par_1_21' title="bbox 237 2847 490 2851">
     <span class='ocr_line' id='line_1_34' title="bbox 237 2847 490 2851; baseline 0 0"><span class='ocrx_word' id='word_1_255' title='bbox 237 2847 490 2851; x_wconf 95' lang='lat' dir='ltr'> </span> 
     </span>
    </p>
   </div>
   <div class='ocr_carea' id='block_1_11' title="bbox 118 2492 2389 3024">
    <p class='ocr_par' dir='ltr' id='par_1_22' title="bbox 170 2492 2324 2538">
     <span class='ocr_line' id='line_1_35' title="bbox 170 2492 2324 2538; baseline 0.002 -13"><span class='ocrx_word' id='word_1_256' title='bbox 170 2492 292 2529; x_wconf 72' lang='lat' dir='ltr'>Ubique</span> <span class='ocrx_word' id='word_1_257' title='bbox 488 2495 701 2527; x_wconf 84' lang='lat' dir='ltr'>Gundisalvus</span> <span class='ocrx_word' id='word_1_258' title='bbox 726 2496 765 2527; x_wconf 89' lang='lat' dir='ltr'>de</span> <span class='ocrx_word' id='word_1_259' title='bbox 790 2496 963 2527; x_wconf 91' lang='lat' dir='ltr'>Vallebona</span> <span class='ocrx_word' id='word_1_260' title='bbox 989 2497 1091 2537; x_wconf 83' lang='lat' dir='ltr'>(Min.)</span> <span class='ocrx_word' id='word_1_261' title='bbox 1119 2497 1290 2529; x_wconf 83' lang='lat' dir='ltr'>Granaten.</span> <span class='ocrx_word' id='word_1_262' title='bbox 1319 2497 1395 2528; x_wconf 89' lang='lat'>1437</span> <span class='ocrx_word' id='word_1_263' title='bbox 1422 2515 1461 2519; x_wconf 95' lang='lat'>——</span> <span class='ocrx_word' id='word_1_264' title='bbox 1486 2497 1626 2529; x_wconf 90' lang='lat' dir='ltr'>Joannes</span> <span class='ocrx_word' id='word_1_265' title='bbox 1650 2497 1690 2528; x_wconf 91' lang='lat' dir='ltr'>de</span> <span class='ocrx_word' id='word_1_266' title='bbox 1714 2497 1880 2529; x_wconf 89' lang='lat' dir='ltr'>Haterano</span> <span class='ocrx_word' id='word_1_267' title='bbox 1907 2497 2008 2538; x_wconf 80' lang='lat' dir='ltr'>(Min.)</span> <span class='ocrx_word' id='word_1_268' title='bbox 2037 2498 2210 2530; x_wconf 83' lang='lat' dir='ltr'>Granaten.</span> <span class='ocrx_word' id='word_1_269' title='bbox 2247 2499 2324 2529; x_wconf 86' lang='lat'>1442</span> 
     </span>
    </p>

    <p class='ocr_par' dir='ltr' id='par_1_23' title="bbox 170 2545 1321 2589">
     <span class='ocr_line' id='line_1_36' title="bbox 170 2545 1321 2589; baseline 0.003 -12"><span class='ocrx_word' id='word_1_270' title='bbox 170 2545 303 2578; x_wconf 77' lang='lat' dir='ltr'>Abulen.</span> <span class='ocrx_word' id='word_1_271' title='bbox 486 2548 665 2579; x_wconf 87' lang='lat' dir='ltr'>Ludovicus</span> <span class='ocrx_word' id='word_1_272' title='bbox 686 2548 725 2580; x_wconf 90' lang='lat' dir='ltr'>de</span> <span class='ocrx_word' id='word_1_273' title='bbox 747 2548 911 2581; x_wconf 88' lang='lat' dir='ltr'>Valleoleti</span> <span class='ocrx_word' id='word_1_274' title='bbox 934 2549 1035 2589; x_wconf 92' lang='lat' dir='ltr'>(Min.)</span> <span class='ocrx_word' id='word_1_275' title='bbox 1060 2550 1218 2582; x_wconf 86' lang='lat' dir='ltr'>Sidonien.</span> <span class='ocrx_word' id='word_1_276' title='bbox 1244 2551 1321 2581; x_wconf 89' lang='lat'>1448</span> 
     </span>
    </p>

    <p class='ocr_par' dir='ltr' id='par_1_24' title="bbox 171 2598 1229 2642">
     <span class='ocr_line' id='line_1_37' title="bbox 171 2598 1229 2642; baseline 0.004 -12"><span class='ocrx_word' id='word_1_277' title='bbox 171 2598 343 2631; x_wconf 71' lang='lat' dir='ltr'>Astorioen.</span> <span class='ocrx_word' id='word_1_278' title='bbox 485 2601 594 2642; x_wconf 87' lang='lat' dir='ltr'>Lupus</span> <span class='ocrx_word' id='word_1_279' title='bbox 615 2602 654 2633; x_wconf 90' lang='lat' dir='ltr'>de</span> <span class='ocrx_word' id='word_1_280' title='bbox 676 2601 813 2633; x_wconf 86' lang='lat' dir='ltr'>Causeco</span> <span class='ocrx_word' id='word_1_281' title='bbox 835 2602 974 2642; x_wconf 85' lang='lat' dir='ltr'>(Praed.)</span> <span class='ocrx_word' id='word_1_282' title='bbox 997 2602 1128 2634; x_wconf 85' lang='lat' dir='ltr'>Lidden.</span> <span class='ocrx_word' id='word_1_283' title='bbox 1153 2604 1229 2634; x_wconf 85' lang='lat'>1452</span> 
     </span>
    </p>

    <p class='ocr_par' dir='ltr' id='par_1_25' title="bbox 170 2651 2327 2697">
     <span class='ocr_line' id='line_1_38' title="bbox 170 2651 2327 2697; baseline 0.002 -14"><span class='ocrx_word' id='word_1_284' title='bbox 170 2651 299 2684; x_wconf 71' lang='lat' dir='ltr'>Antion.</span> <span class='ocrx_word' id='word_1_285' title='bbox 485 2654 634 2686; x_wconf 76' lang='lat' dir='ltr'>Alfonsus</span> <span class='ocrx_word' id='word_1_286' title='bbox 659 2655 761 2695; x_wconf 88' lang='lat' dir='ltr'>(Min.)</span> <span class='ocrx_word' id='word_1_287' title='bbox 786 2655 1010 2687; x_wconf 83' lang='lat' dir='ltr'>Marrochitan.</span> <span class='ocrx_word' id='word_1_288' title='bbox 1037 2657 1149 2697; x_wconf 89' lang='lat' dir='ltr'>(prom.</span> <span class='ocrx_word' id='word_1_289' title='bbox 1178 2657 1267 2695; x_wconf 90' lang='lat'>1449)</span> <span class='ocrx_word' id='word_1_290' title='bbox 1295 2657 1371 2686; x_wconf 86' lang='lat'>1482</span> <span class='ocrx_word' id='word_1_291' title='bbox 1395 2674 1433 2678; x_wconf 94' lang='grc'>-</span> <span class='ocrx_word' id='word_1_292' title='bbox 1453 2655 1626 2687; x_wconf 87' lang='lat' dir='ltr'>Rodericus</span> <span class='ocrx_word' id='word_1_293' title='bbox 1651 2655 1690 2687; x_wconf 89' lang='lat' dir='ltr'>de</span> <span class='ocrx_word' id='word_1_294' title='bbox 1715 2667 1739 2687; x_wconf 88' lang='lat' dir='ltr'>s.</span> <span class='ocrx_word' id='word_1_295' title='bbox 1768 2656 1902 2688; x_wconf 82' lang='lat' dir='ltr'>Genesio</span> <span class='ocrx_word' id='word_1_296' title='bbox 1927 2656 2030 2696; x_wconf 88' lang='lat' dir='ltr'>(Cist.)</span> <span class='ocrx_word' id='word_1_297' title='bbox 2055 2656 2223 2688; x_wconf 84' lang='lat' dir='ltr'>Laodicen.</span> <span class='ocrx_word' id='word_1_298' title='bbox 2252 2657 2327 2687; x_wconf 92' lang='lat'>1501</span> 
     </span>
    </p>

    <p class='ocr_par' dir='ltr' id='par_1_26' title="bbox 170 2704 1376 2750">
     <span class='ocr_line' id='line_1_39' title="bbox 170 2704 1376 2750; baseline 0.004 -15"><span class='ocrx_word' id='word_1_299' title='bbox 170 2704 359 2737; x_wconf 72' lang='lat' dir='ltr'>Brwharen.</span> <span class='ocrx_word' id='word_1_300' title='bbox 487 2707 651 2739; x_wconf 87' lang='lat' dir='ltr'>Gometius</span> <span class='ocrx_word' id='word_1_301' title='bbox 672 2707 712 2739; x_wconf 89' lang='lat' dir='ltr'>de</span> <span class='ocrx_word' id='word_1_302' title='bbox 733 2708 861 2739; x_wconf 86' lang='lat' dir='ltr'>Roccha</span> <span class='ocrx_word' id='word_1_303' title='bbox 884 2709 920 2748; x_wconf 87' lang='lat' dir='ltr'>(s.</span> <span class='ocrx_word' id='word_1_304' title='bbox 944 2708 1034 2747; x_wconf 91' lang='lat' dir='ltr'>Ben.)</span> <span class='ocrx_word' id='word_1_305' title='bbox 1058 2708 1273 2750; x_wconf 84' lang='lat' dir='ltr'>Titiopolitan.</span> <span class='ocrx_word' id='word_1_306' title='bbox 1299 2710 1376 2739; x_wconf 88' lang='lat'>1488</span> 
     </span>
    </p>

    <p class='ocr_par' dir='ltr' id='par_1_27' title="bbox 170 2757 2238 2803">
     <span class='ocr_line' id='line_1_40' title="bbox 170 2757 2238 2803; baseline 0.002 -14"><span class='ocrx_word' id='word_1_307' title='bbox 170 2757 305 2793; x_wconf 76' lang='lat' dir='ltr'>Burgen.</span> <span class='ocrx_word' id='word_1_308' title='bbox 485 2760 626 2792; x_wconf 82' lang='lat' dir='ltr'>Andreas</span> <span class='ocrx_word' id='word_1_309' title='bbox 652 2761 777 2800; x_wconf 89' lang='lat' dir='ltr'>(Didaci</span> <span class='ocrx_word' id='word_1_310' title='bbox 802 2761 876 2792; x_wconf 87' lang='lat' dir='ltr'>olim</span> <span class='ocrx_word' id='word_1_311' title='bbox 901 2772 949 2802; x_wconf 92' lang='lat' dir='ltr'>ep.</span> <span class='ocrx_word' id='word_1_312' title='bbox 976 2761 1183 2801; x_wconf 71' lang='lat' dir='ltr'>Civitaten.2)</span> <span class='ocrx_word' id='word_1_313' title='bbox 1209 2761 1362 2793; x_wconf 87' lang='lat' dir='ltr'>Taboren.</span> <span class='ocrx_word' id='word_1_314' title='bbox 1391 2763 1467 2792; x_wconf 88' lang='lat'>1415</span> <span class='ocrx_word' id='word_1_315' title='bbox 1491 2780 1529 2784; x_wconf 97' lang='lat'><strong>—</strong></span> <span class='ocrx_word' id='word_1_316' title='bbox 1550 2761 1698 2793; x_wconf 78' lang='lat' dir='ltr'>Alfonsus</span> <span class='ocrx_word' id='word_1_317' title='bbox 1725 2761 1791 2801; x_wconf 85' lang='lat' dir='ltr'>(Er.</span> <span class='ocrx_word' id='word_1_318' title='bbox 1817 2772 1841 2793; x_wconf 91' lang='lat' dir='ltr'>s.</span> <span class='ocrx_word' id='word_1_319' title='bbox 1869 2762 1962 2803; x_wconf 88' lang='lat' dir='ltr'>Aug.)</span> <span class='ocrx_word' id='word_1_320' title='bbox 1988 2762 2135 2793; x_wconf 91' lang='lat' dir='ltr'>Monden.</span> <span class='ocrx_word' id='word_1_321' title='bbox 2164 2762 2238 2793; x_wconf 89' lang='grc'>1471</span> 
     </span>
    </p>

    <p class='ocr_par' dir='ltr' id='par_1_28' title="bbox 258 2897 2389 2936">
     <span class='ocr_line' id='line_1_41' title="bbox 258 2897 2389 2936; baseline 0.002 -12"><span class='ocrx_word' id='word_1_322' title='bbox 258 2897 279 2930; x_wconf 88' lang='lat'>¹)</span> <span class='ocrx_word' id='word_1_323' title='bbox 302 2897 467 2925; x_wconf 84' lang='lat' dir='ltr'>Nominibus</span> <span class='ocrx_word' id='word_1_324' title='bbox 498 2899 606 2926; x_wconf 83' lang='lat' dir='ltr'>illorum</span> <span class='ocrx_word' id='word_1_325' title='bbox 637 2902 836 2935; x_wconf 83' lang='lat' dir='ltr'>episcoporum,</span> <span class='ocrx_word' id='word_1_326' title='bbox 870 2903 918 2936; x_wconf 88' lang='lat' dir='ltr'>qui</span> <span class='ocrx_word' id='word_1_327' title='bbox 950 2902 977 2927; x_wconf 92' lang='lat' dir='ltr'>in</span> <span class='ocrx_word' id='word_1_328' title='bbox 1002 2901 1053 2927; x_wconf 88' lang='lat' dir='ltr'>hoo</span> <span class='ocrx_word' id='word_1_329' title='bbox 1084 2901 1224 2928; x_wconf 69' lang='lat' dir='ltr'>volumine</span> <span class='ocrx_word' id='word_1_330' title='bbox 1330 2902 1430 2928; x_wconf 79' lang='lat' dir='ltr'>saltem</span> <span class='ocrx_word' id='word_1_331' title='bbox 1449 2902 1521 2928; x_wconf 88' lang='lat' dir='ltr'>illius</span> <span class='ocrx_word' id='word_1_332' title='bbox 1543 2902 1682 2932; x_wconf 86' lang='lat' dir='ltr'>dioecesis,</span> <span class='ocrx_word' id='word_1_333' title='bbox 1717 2902 1746 2928; x_wconf 81' lang='lat' dir='ltr'>in</span> <span class='ocrx_word' id='word_1_334' title='bbox 1769 2909 1825 2936; x_wconf 89' lang='lat' dir='ltr'>qua</span> <span class='ocrx_word' id='word_1_335' title='bbox 1848 2909 1933 2936; x_wconf 87' lang='lat' dir='ltr'>supra</span> <span class='ocrx_word' id='word_1_336' title='bbox 1956 2904 2141 2933; x_wconf 77' lang='lat' dir='ltr'>recensentur,</span> <span class='ocrx_word' id='word_1_337' title='bbox 2165 2902 2251 2936; x_wconf 80' lang='lat' dir='ltr'>egisse</span> <span class='ocrx_word' id='word_1_338' title='bbox 2276 2902 2389 2928; x_wconf 87' lang='lat' dir='ltr'>minime</span> 
     </span>
    </p>

    <p class='ocr_par' dir='ltr' id='par_1_29' title="bbox 118 2942 2389 2980">
     <span class='ocr_line' id='line_1_42' title="bbox 118 2942 2389 2980; baseline 0.002 -13"><span class='ocrx_word' id='word_1_339' title='bbox 118 2954 121 2957; x_wconf 89' lang='lat'>·</span> <span class='ocrx_word' id='word_1_340' title='bbox 170 2942 281 2967; x_wconf 83' lang='lat' dir='ltr'>minime</span> <span class='ocrx_word' id='word_1_341' title='bbox 305 2946 460 2973; x_wconf 83' lang='lat' dir='ltr'>occurrunt,</span> <span class='ocrx_word' id='word_1_342' title='bbox 492 2943 557 2974; x_wconf 90' lang='lat' dir='ltr'>duo,</span> <span class='ocrx_word' id='word_1_343' title='bbox 591 2945 748 2971; x_wconf 84' lang='lat' dir='ltr'>nominibus</span> <span class='ocrx_word' id='word_1_344' title='bbox 771 2949 866 2972; x_wconf 80' lang='lat' dir='ltr'>autem</span> <span class='ocrx_word' id='word_1_345' title='bbox 890 2946 999 2972; x_wconf 83' lang='lat' dir='ltr'>illorum</span> <span class='ocrx_word' id='word_1_346' title='bbox 1022 2946 1222 2980; x_wconf 85' lang='lat' dir='ltr'>episcoporum,</span> <span class='ocrx_word' id='word_1_347' title='bbox 1332 2946 1441 2978; x_wconf 81' lang='lat' dir='ltr'>(saltem</span> <span class='ocrx_word' id='word_1_348' title='bbox 1465 2947 1492 2972; x_wconf 90' lang='lat' dir='ltr'>in</span> <span class='ocrx_word' id='word_1_349' title='bbox 1516 2946 1689 2972; x_wconf 88' lang='lat' dir='ltr'>documentis</span> <span class='ocrx_word' id='word_1_350' title='bbox 1712 2946 1740 2972; x_wconf 88' lang='lat' dir='ltr'>in</span> <span class='ocrx_word' id='word_1_351' title='bbox 1764 2945 1844 2972; x_wconf 90' lang='lat' dir='ltr'>Arch.</span> <span class='ocrx_word' id='word_1_352' title='bbox 1864 2945 1928 2972; x_wconf 87' lang='lat' dir='ltr'>Vat.</span> <span class='ocrx_word' id='word_1_353' title='bbox 1952 2946 2112 2978; x_wconf 82' lang='lat' dir='ltr'>asservatis)</span> <span class='ocrx_word' id='word_1_354' title='bbox 2136 2946 2303 2977; x_wconf 81' lang='lat' dir='ltr'>indicantur,</span> <span class='ocrx_word' id='word_1_355' title='bbox 2316 2954 2389 2972; x_wconf 83' lang='lat' dir='ltr'>unus</span> 
     </span>
    </p>

    <p class='ocr_par' dir='ltr' id='par_1_30' title="bbox 169 2985 1681 3024">
     <span class='ocr_line' id='line_1_43' title="bbox 169 2985 1681 3024; baseline 0.003 -13"><span class='ocrx_word' id='word_1_356' title='bbox 169 2986 216 3019; x_wconf 85' lang='lat' dir='ltr'>qui</span> <span class='ocrx_word' id='word_1_357' title='bbox 245 2985 347 3013; x_wconf 86' lang='lat' dir='ltr'>ibidem</span> <span class='ocrx_word' id='word_1_358' title='bbox 378 2990 525 3014; x_wconf 84' lang='lat' dir='ltr'>occurrunt</span> <span class='ocrx_word' id='word_1_359' title='bbox 557 2988 677 3022; x_wconf 88' lang='lat' dir='ltr'>quidem,</span> <span class='ocrx_word' id='word_1_360' title='bbox 710 2989 900 3024; x_wconf 70' lang='lat' dir='ltr'>suffraganeos</span> <span class='ocrx_word' id='word_1_361' title='bbox 933 2998 999 3016; x_wconf 85' lang='lat' dir='ltr'>vero</span> <span class='ocrx_word' id='word_1_362' title='bbox 1030 2990 1147 3023; x_wconf 83' lang='lat' dir='ltr'>alicujus</span> <span class='ocrx_word' id='word_1_363' title='bbox 1179 2990 1222 3016; x_wconf 83' lang='lat' dir='ltr'>vel</span> <span class='ocrx_word' id='word_1_364' title='bbox 1330 2990 1439 3016; x_wconf 83' lang='lat' dir='ltr'>asterici</span> <span class='ocrx_word' id='word_1_365' title='bbox 1462 2992 1529 3017; x_wconf 77' lang='lat' dir='ltr'>eunt</span> <span class='ocrx_word' id='word_1_366' title='bbox 1552 2990 1681 3024; x_wconf 83' lang='lat' dir='ltr'>appositi.</span> 
     </span>
    </p>
   </div>
   <div class='ocr_carea' id='block_1_12' title="bbox 222 3039 2220 3071">
    <p class='ocr_par' dir='ltr' id='par_1_31' title="bbox 222 3039 2220 3071">
     <span class='ocr_line' id='line_1_44' title="bbox 222 3039 2220 3071; baseline 0.006 -12"><span class='ocrx_word' id='word_1_367' title='bbox 222 3039 349 3060; x_wconf 70' lang='lat' dir='ltr'>Hiemi-chia</span> <span class='ocrx_word' id='word_1_368' title='bbox 365 3040 474 3060; x_wconf 61' lang='lat' dir='ltr'>athone»</span> <span class='ocrx_word' id='word_1_369' title='bbox 491 3040 558 3061; x_wconf 76' lang='lat' dir='ltr'>modu</span> <span class='ocrx_word' id='word_1_370' title='bbox 575 3042 635 3062; x_wconf 75' lang='lat' dir='ltr'>nevi.</span> <span class='ocrx_word' id='word_1_371' title='bbox 665 3042 706 3063; x_wconf 86' lang='lat'>11.¹</span> <span class='ocrx_word' id='word_1_372' title='bbox 2180 3039 2220 3071; x_wconf 83' lang='lat'>35</span> 
     </span>
    </p>
   </div>
  </div>
 </body>
</html>
