2436 3328
748 162 915 207 Agrion..
938 162 1187 207 Agrigentin„
1210 161 1402 207 Agurien„
1425 161 1603 196 AHaden.

2245 165 2287 196 83

73 267 125 300 ob.
149 266 244 299 Gabr.
266 266 351 298 eard.
521 266 666 298 Urbanus
691 265 742 305 (de
767 265 1003 306 Nagy-Luehe)‚
1028 270 1076 306 ep.
1105 265 1245 297 Jausien.
1475 263 1550 294 1487
1581 264 1655 304 Apr.
1686 264 1724 295 27
1756 264 1826 295 Inn.
1845 264 1924 295 VIII
1941 275 1970 295 a.
1990 266 2003 295 1
2021 265 2092 295 Lat.
2112 266 2138 296 1.
2156 265 2174 296 7
2191 265 2212 296 f.
2229 267 2288 297 305

73 320 125 353 ob.
147 319 268 352 Urbani
521 319 691 351 Roderious
715 318 812 359 Borja
838 319 868 349 S.
893 319 932 349 R.
959 318 994 349 E.
1020 318 1115 355 card„
1139 318 1171 349 in
1196 317 1371 348 commend.
1472 327 1498 347 c.
1525 318 1598 347 1491
1762 341 2283 350 ...........

73 376 225 414 assumpt.
245 372 328 409 Bod.
349 372 381 403 in
403 371 434 403 S.
455 372 490 403 P.
521 372 676 403 Ascanius
700 371 844 411 (Sfortia)
869 371 949 402 diac.
974 371 1070 408 card„
1095 371 1127 402 in
1151 370 1326 402 commend.
1475 371 1551 400 1492
1579 370 1658 411 Aug.
1686 372 1721 400 31
1756 371 1808 401 AC
1831 371 1951 402 Camer.
1976 370 2002 408 I,
2025 372 2064 402 25

71 436 131 459 res.
152 425 278 457 Ascanii
522 425 658 456 Thomas
685 425 846 464 (Bakocz),
874 435 922 465 ep.
952 424 1122 463 Jaurien.⁶)
1475 423 1551 454 1497
1582 423 1670 455 Junii
1698 424 1716 453 9
1757 424 1808 454 AC
1831 424 1951 455 Camer.
1976 424 2002 461 Ι,
2025 425 2064 455 55

71 482 112 511 tr.
137 479 215 510 Tho.
240 478 281 509 ad
308 478 444 519 Strigon.
522 478 708 514 Hippolytus
731 478 770 508 de
795 477 881 514 Este,
909 477 939 508 S.
966 477 1004 508 R.
1032 477 1068 508 E.
1094 477 1189 514 card„
1215 477 1250 507 ‘m
1273 477 1389 507 admin.
1476 476 1552 507 1497
1581 477 1656 508 Dec.
1687 477 1726 507 20
1758 477 1809 508 AC
1832 478 1952 508 Camer.
1977 477 2002 514 I,
2026 478 2066 508 60

516 604 774 649 Agrigentin-
798 604 1003 649 (Girgenti)
1026 606 1060 638 in
1082 606 1145 638 ins.
1170 606 1289 646 Sicilia,
1313 606 1404 638 suffr.
1429 605 1655 637 Panormitan.
1681 606 1760 645 (300
1783 605 1833 646 ss.)

70 698 122 730 ob.
144 698 332 738 Laurentiil)
521 699 699 730 Matthaeus
723 698 762 729 de
789 698 977 738 Gim(m)ara
1003 699 1039 730 Ο.
1066 699 1140 730 Min.

70 762 128 783 res.
150 751 332 791 Matthaei2)

70 804 121 836 ob.
146 805 221 836 Ant.
247 806 286 844 (c.
313 805 402 844 1451)

69 858 121 889 ob.
140 857 246 897 (Dom.
264 869 292 889 a.
310 869 334 889 s.
352 869 380 888 a.
401 857 490 897 1471)

70 911 121 942 ob.
142 911 193 942 Jo.
213 913 268 950 (m.
287 911 378 942 Febr.
400 910 488 950 1479)

520 805 702 836 nominieus
725 804 855 843 (Xarth)
880 804 915 835 ο.
939 805 1014 836 (fist.

809 1037 1003 1081 Agurion.
1027 1037 1060 1068 in
1085 1038 1211 1076 Suecia,

68 1131 119 1163 ob.
142 1131 299 1162 Francisci
489 1124 496 1178 Ι
519 1130 726 1161 Gundisalvus
747 1130 786 1161 de
809 1131 936 1162 Ouriola
960 1131 995 1162 O.
1019 1131 1129 1161 Praed.

521 752 677 783 Antonius
696 751 919 790 (Ponticorona
939 751 974 783 Ο.
996 752 1130 791 Praed.)‚
1151 763 1198 793 ep.
1219 752 1430 793 Cephaluden.

522 858 660 889 Joannes
684 857 734 896 (de
758 857 929 896 Camenis),
954 858 1052 888 abbas
1076 869 1160 888 mon.
1185 869 1208 888 s.

522 911 660 942 Joannes
682 921 698 940 e
722 910 869 941 vicecom.
894 910 933 941 de
956 911 1075 947 Castro,
1100 911 1170 941 cler.
1196 910 1332 949 Elnen.⁴¹)

1757 697 1827 728 Obl.
1851 699 1900 735 66,
1924 699 1963 728 60

1757 750 1826 782 Obl.
1851 751 1899 788 72,
1926 753 1959 781 11

1757 804 1826 835 Obl.
1851 804 1899 841 72,
1923 806 1961 835 49

1756 857 1826 888 Obl.
1850 859 1899 894 83,
1923 859 1961 887 26

1756 910 1826 941 Obl.
1850 912 1899 948 83,
1923 912 1961 941 59

1475 699 1551 728 1442
1582 697 1667 738 Sept.
1700 697 1735 728 17

1475 752 1551 781 1445
1581 750 1658 782 Julii
1686 752 1724 781 23

1475 805 1551 835 1452
1582 804 1655 835 Jan.
1688 805 1725 834 10

1474 858 1550 888 1472
1580 857 1655 887 Dec.
1688 858 1720 886 11

1474 911 1550 941 1479
1577 910 1668 941 Febr.
1699 911 1734 940 19

1234 857 1369 896 Felicisss)

1236 1038 1325 1070 suffr.
1352 1039 1507 1079 Upsalen.
1516 1039 1543 1079 l)

1453 1126 1549 1179 11434
1578 1132 1653 1163 Deo.
1684 1127 1824 1179 2210101.
1849 1134 1897 1170 66,
1923 1134 1959 1163 16

607 1257 827 1300 Al(l)aden.
852 1258 1023 1300 (Kfflaaa)
1047 1258 1081 1289 in
1105 1258 1274 1299 Hibernia,
1299 1259 1389 1291 suffr.
1414 1259 1574 1291 Tuamen.
1599 1259 1656 1300 (40
1680 1260 1730 1300 ss.)

67 1350 119 1382 ob.
141 1350 275 1392 Forgalli
514 1351 691 1382 Bernardus
715 1351 858 1388 O’ConeL
883 1362 951 1382 can.
976 1351 1072 1392 ipsius
1096 1351 1168 1382 eccl.
1468 1352 1543 1381 1432
1575 1352 1648 1382 Jan.
1679 1353 1719 1383 30
1751 1353 1829 1393 Eug.
1853 1353 1898 1384 IV
1918 1363 1946 1383 a.
1971 1354 1984 1383 1
2006 1353 2078 1384 Lat.
2101 1354 2161 1384 310
2180 1354 2201 1385 f.
2224 1355 2284 1385 284

66 1403 118 1436 ob.
140 1403 292 1435 Bernardj
515 1404 695 1443 ma(go)nus
720 1404 902 1445 Fitz-Ultag
928 1404 1097 1441 O’Dowda,
1124 1408 1197 1445 post
1467 1406 1541 1435 1431
1569 1404 1655 1445 Sept.
1751 1405 1850 1436 Gams
1872 1407 1931 1436 223

66 1457 117 1489 ob.
139 1456 276 1498 Magonii
298 1458 402 1496 (1436)
515 1457 698 1489 Thaddaeus
723 1457 817 1488 Ydoli
844 1457 1072 1498 (Mac-Creagh)
1100 1457 1135 1488 O.
1163 1457 1300 1496 Praed.2)
1467 1459 1544 1488 1436
1574 1457 1660 1499 Sept.
1690 1460 1708 1489 3
1750 1459 1820 1489 Obl.
1845 1460 1893 1495 66,
1917 1460 1956 1489 29

65 1509 116 1542 ob.
138 1509 299 1541 'rhaddaei
517 1511 653 1541 Jaoobus
677 1510 839 1541 Blakedon
864 1510 900 1541 O.
926 1510 1048 1547 Praed„
1073 1521 1154 1550 mag.
1181 1510 1301 1549 theol.³)
1467 1512 1543 1540 1442
1576 1511 1645 1542 Oct.
1681 1513 1717 1541 15
1750 1511 1820 1542 Obl.
1845 1513 1893 1549 66,
1917 1512 1957 1542 60

70 1587 478 1595 ..........
515 1563 664 1598 Forgalus

63 1615 115 1647 ob.
137 1615 262 1657 Forgali
514 1616 668 1648 Robertus
694 1616 800 1653 Baret,
828 1627 969 1657 praepos.
997 1616 1054 1657 ips.
1082 1616 1154 1647 eccl.
1467 1617 1543 1647 1447
1574 1617 1650 1648 Julii
1679 1619 1696 1647 3
1750 1618 1819 1649 Obl.
1844 1617 1893 1654 72,
1917 1618 1955 1648 27

63 1668 115 1700 ob.
137 1668 270 1700 Roberti
514 1669 668 1700 Horoicus
691 1669 851 1709 (Rovicus,
875 1669 1086 1708 R0(de)rious)
1110 1669 1145 1700 O.
1170 1669 1248 1708 (Er.)
1270 1680 1294 1700 S.
1318 1669 1424 1710 Aug.4)
1467 1670 1543 1700 1452
1569 1670 1662 1701 Mart.
1690 1672 1707 1701 3
1750 1671 1819 1702 Obl.
1844 1670 1893 1708 72,
1916 1672 1956 1701 50

63 1721 115 1753 ob.
136 1721 283 1753 Roderici
305 1722 352 1762 (!)
514 1722 666 1753 Ricardus
690 1722 758 1753 Viel
783 1723 819 1754 Ο.
845 1722 951 1753 Carth.
977 1722 1016 1753 de
1040 1722 1198 1761 Vieham⁵)
1467 1724 1543 1753 1459
1576 1723 1645 1754 Oet.
1681 1723 1716 1754 17
1749 1724 1796 1754 Pii
1822 1724 1854 1753 II
1881 1735 1908 1754 a.
1935 1725 1953 1754 2
1978 1723 2049 1755 Lat.
2076 1724 2096 1755 1.
2123 1735 2168 1765 pr.
2195 1724 2216 1755 f.
2243 1725 2282 1755 58

63 1773 115 1806 ob.
138 1773 290 1806 Ber-nardi
312 1775 358 1815 (!)
514 1775 650 1810 Mylems
1470 1800 2276 1809 .................

63 1826 115 1858 01).
136 1827 247 1868 Myleri
269 1827 306 1858 el.
514 1828 656 1859 Donatus
681 1828 889 1868 Oconenbayr
914 1828 1079 1867 (O'Conor)
1105 1828 1141 1859 O.
1167 1828 1277 1859 Praed.
1467 1829 1540 1858 1461
1571 1829 1647 1860 Deo.
1678 1831 1695 1859 2
1750 1830 1796 1860 Pii
1823 1830 1855 1860 ΙΙ
1881 1841 1909 1860 a.
1935 1831 1954 1860 4
1978 1829 2050 1860 Lat.
2076 1830 2095 1861 1.
2122 1841 2168 1871 pr.
2195 1829 2216 1861 f.
2243 1831 2282 1861 82

69 1904 477 1912 ..........
513 1881 659 1917 Thomas,
684 1882 738 1922 qui
762 1893 790 1912 a.
818 1882 894 1912 1493
919 1881 1049 1923 coneilio
1073 1881 1223 1912 Tuamen.
1249 1881 1380 1921 astitiffi)
1467 1882 1539 1912 1471
1570 1882 1660 1913 Febr.
1689 1883 1706 1912 6
1750 1883 1870 1913 Sohede
1892 1883 1924 1913 di
1950 1883 2102 1924 Garampi

63 1932 114 1964 ob.
136 1933 256 1964 Donati
515 1934 653 1966 Joannes
676 1934 715 1965 de
739 1934 877 1965 Tuderto
903 1934 1075 1973 (O'Cassin)
1101 1934 1136 1965 Ο.
1162 1934 1237 1964 Min.
1467 1935 1543 1965 1487
1574 1935 1647 1966 Jan.
1680 1936 1716 1965 18
1749 1935 1818 1967 Obl.
1842 1937 1891 1973 83,
1918 1936 1974 1966 106

62 1985 114 2017 ob.
136 1986 276 2017 'rhomae
512 1987 647 2018 Thomas
670 1987 807 2025 Clercha‚
832 1987 932 2018 adiao.
961 1987 1109 2018 Sodoren.
1136 1988 1204 2026 (rea.
1232 1987 1320 2026 1505)
1466 1988 1544 2018 1500
1573 1988 1661 2019 Junii
1689 1990 1706 2018 3
1748 1989 1799 2019 AC
1822 1989 1943 2020 Camer.
1969 1989 1994 2026 I,
2018 1990 2057 2019 86

930 2114 1136 2149 Alai-ineu.
1161 2126 1186 2146 υ.
1211 2114 1401 2149 Lai-ineu.

529 2269 639 2299 Agrion.

57 2335 60 2338 Δ
130 2311 154 2343 0)
174 2311 330 2338 Secundum
349 2311 430 2338 Game
451 2320 476 2345 p.
499 2313 559 2343 367,
581 2313 628 2338 ubi
651 2312 800 2338 Rodericus
820 2315 849 2338 et
870 2313 1003 2339 Ascanius
1026 2313 1051 2340 S.
1076 2314 1110 2340 R.

58 2354 93 2383 E.
112 2355 186 2382 nard.
204 2358 238 2382 ut
254 2356 481 2382 commendatarii
499 2357 563 2382 eccl.
583 2356 691 2390 Agr-ien.
710 2356 909 2388 desiderantur,
927 2358 984 2390 jam
1002 2366 1026 2384 a.
1047 2359 1114 2384 1493

58 2399 97 2427 Cb
113 2400 178 2426 0001.
199 2399 321 2426 Jaun'en.
342 2400 378 2426 ad
396 2400 505 2434 Agrion.
526 2401 620 2426 transl.

502 2446 669 2475 Agrigentini.

57 2506 61 2512 .
130 2487 152 2519 ¹)
170 2487 248 2514 Inter
270 2496 334 2514 eum
357 2491 386 2514 et
409 2488 584 2514 Matthaeum
609 2489 683 2523 apud
706 2489 787 2515 Game
811 2498 837 2523 p.
863 2490 914 2515 942
939 2491 1112 2521 „Bm-nardus

60 2530 148 2558 Boouo
165 2531 198 2558 el.
220 2532 306 2558 1442“
324 2535 487 2559 reeensetur.

129 2575 152 2608 Ι)
170 2575 351 2603 Postmodum
369 2577 442 2603 inter
460 2577 562 2603 Beatos
581 2577 667 2603 relati.

128 2619 152 2652 ⁸)
170 2619 203 2646 0.
221 2620 248 2646 S.
265 2620 298 2647 B.
316 2620 471 2647 Gerunden.
508 2621 587 2653 Quod
605 2630 676 2647 mon.
696 2630 743 2655 per
759 2622 844 2655 ipsius
861 2622 977 2648 Joannis
993 2625 1111 2656 promot.

59 2671 119 2690 vno.
143 2664 353 2691 commendatur
374 2665 579 2699 archiepiscopo
602 2666 774 2700 Caesaraug.,
799 2669 938 2691 reservata
961 2666 1050 2692 eidem
1073 2667 1112 2692 in-

58 2715 141 2742 super
163 2716 256 2734 annun
279 2717 354 2742 pens.
381 2710 432 2736 100
454 2709 516 2735 due.
542 2718 624 2744 super
647 2710 729 2736 fruct.
755 2710 818 2736 eccl.
845 2710 935 2744 Agr-ig.

128 2751 151 2784 ⁴)
170 2752 321 2779 Familiaria
347 2753 567 2780 Vioeoancellarii
596 2754 734 2786 (Roderici
763 2754 867 2787 Beria),
896 2755 943 2788 qui
973 2755 1004 2780 19
1032 2755 1110 2780 Febr.

60 2796 127 2822 1496
148 2797 176 2822 in
201 2797 226 2823 S.
252 2796 284 2823 R.
308 2797 340 2823 E.
363 2797 437 2823 card.
462 2801 604 2831 promotus
627 2799 660 2824 29
685 2799 759 2832 Sept.
786 2799 853 2824 1506
875 2799 952 2824 obiit.

518 2843 645 2873 Azurion.

127 2884 149 2916 ¹)
168 2884 277 2911 Revera
300 2885 329 2911 in
354 2885 474 2919 quodam
501 2886 527 2912 S.
556 2887 588 2912 R.
616 2887 647 2912 E.
676 2887 879 2917 „Provineiali“
905 2887 1021 2920 antiquo
1046 2887 1110 2912 eccl.

57 2927 184 2963 Agnrien.
206 2929 278 2955 inwr
296 2929 410 2964 suffrag.
432 2930 561 2964 Upsaien.
583 2934 750 2962 recensetum
781 2931 829 2957 sed
849 2940 881 2957 eo
902 2934 1034 2965 tempore,
1056 2940 1111 2965 quo

1222 2269 1416 2300 Gundisalvus,
1439 2270 1487 2303 qui
1509 2270 1621 2295 natione
1642 2270 1783 2303 Hispanus
1804 2279 1862 2296 esse
1883 2270 2003 2302 videtur,
2025 2271 2051 2296 ei
2071 2271 2231 2305 praeficitur
2251 2271 2281 2296 in

1220 2322 1321 2348 epum„
1340 2314 1460 2340 titularis
1479 2314 1651 2340 solummodo
1670 2317 1737 2340 erat.

1676 2386 1821 2417 Al(l)aden.

1290 2447 1310 2479 l)
1330 2447 1392 2473 Non
1417 2447 1484 2473 1430
1508 2447 1571 2473 Jan.
1596 2447 1639 2477 30,
1662 2448 1734 2473 sieut
1757 2447 1856 2481 legitur
1878 2448 1906 2473 in
1929 2447 1982 2473 vol.
2018 2447 2045 2473 1²
2073 2447 2158 2481 hujus
2181 2449 2278 2482 operis.

1223 2491 1275 2522 Qui
1297 2492 1328 2517 13
1349 2491 1410 2517 Oet.
1434 2491 1501 2517 1432
1521 2491 1605 2517 solvit
1626 2499 1694 2516 serv.
1717 2499 1818 2517 comm.

1291 2544 1312 2575 ²)
1332 2544 1373 2570 De
1391 2544 1528 2570 nobilibus
1547 2544 1643 2570 solutis
1661 2545 1779 2578 genitus.

1288 2597 1310 2628 ⁸)
1330 2597 1375 2623 Ita
1396 2600 1428 2623 ut
1449 2605 1504 2622 non
1526 2598 1612 2631 possit
1633 2605 1757 2623 exercere
1778 2597 1876 2631 pontif.
1900 2600 1980 2623 extra
2000 2598 2052 2623 civ.
2075 2600 2103 2624 et
2124 2598 2209 2624 dioec.
2232 2598 2278 2624 Al-

1218 2641 1307 2666 laden.
1331 2642 1382 2667 nisi
1405 2642 1433 2666 in
1455 2642 1504 2667 ins.
1529 2641 1663 2667 Hibernia
1684 2641 1719 2667 de
1741 2650 1874 2667 consensu
1896 2642 2013 2675 alicujus
2035 2642 2174 2668 ordinarii.
2224 2641 2278 2674 Qui

1219 2694 1242 2710 a.
1264 2685 1330 2711 1453
1348 2685 1384 2711 ad
1402 2685 1465 2711 eccl.
1486 2685 1638 2719 Bangoren.
1658 2686 1831 2712 transfertur.
1868 2686 1922 2712 Ofr.
1942 2686 2081 2713 thaden.
2101 2689 2159 2712 not.
2181 2687 2204 2712 1.

1289 2738 1311 2770 ⁴)
1330 2738 1390 2764 Des.
1411 2741 1467 2764 nat.
1489 2739 1604 2772 patiens.

1289 2791 1310 2823 ὖ)
1330 2791 1421 2817 Dioeo.
1442 2791 1605 2817 Bathonien.

1290 2844 1311 2876 ⁸)
1330 2844 1438 2878 Agebat
1457 2845 1534 2870 suffr.
1555 2845 1606 2878 epi.
1628 2845 1713 2870 Elien.
1737 2846 1812 2872 1497.

2062 2983 2125 3014 11·
