2436 3328
789 167 890 212 App.
915 168 943 202 Ι.
967 167 1258 202 Annotationes
1281 166 1334 201 ad.
1355 169 1455 211 part.
1479 167 1497 200 Ι
2210 170 2250 202 53

31 271 112 301 eard.
129 280 153 300 s.
170 269 282 300 Mariae
298 269 329 298 in
347 268 468 298 Porticu
486 268 566 306 vulg.
585 277 716 306 nuncup.
736 268 800 304 (VI,
819 269 859 304 9),
879 267 1012 296 Joannes

30 314 158 347 Hinhael
170 313 300 352 Angelus
313 323 359 351 ep.
375 313 516 341 Portuen.
532 311 611 341 card.
627 322 649 340 s.
665 312 771 350 Angeli
784 312 864 350 vulg.
879 321 1010 349 uuncup.

33 358 97 398 (VI,
117 359 175 395 10),
199 357 341 396 Georgius
361 367 407 395 ep.
429 356 575 385 Albanen.
597 356 677 385 card.
699 355 910 385 Ulixbonensis
930 355 1010 393 vulg.

30 407 119 438 nnnc.
137 401 218 440 (VII,
237 402 294 438 11),
313 400 516 438 Hieronymus
532 410 577 438 ep.
596 400 780 429 Praenestin.
798 399 878 428 card.
897 399 1011 428 1188118-

28 445 163 482 &tensis
181 445 260 484 vulg.
282 455 413 483 nuncup.
435 444 516 481 (VII,
540 446 596 480 17),
618 444 788 473 Ludovicus
809 444 942 473 Joannes
962 443 1009 472 tit.

23 498 69 525 *fl-
98 489 142 520 IV
169 488 274 519 Coton.
304 489 401 528 presb.
432 488 512 517 card.
543 488 709 522 Ilerdensis,
740 488 847 517 absens
876 487 940 524 (IV,
972 488 1009 524 1),

18 530 206 570 'Dominicus
221 533 269 563 tit.
288 544 311 563 s.
330 532 490 562 Clementis
506 532 603 571 presb.
622 532 702 561 card.
721 531 911 561 Taurinensis
929 531 1009 567 (VII,

21 576 88 617 Β),
105 578 217 608 Paulus
231 578 280 607 tit.
297 588 320 606 s.
340 577 418 606 Sixti
433 576 530 615 presb.
548 576 627 605 card.
647 576 807 605 Januensis
824 576 903 614 vulg.
921 585 1009 604 nunc.

0 594 111 660 W,
131 623 190 659 24),
211 622 345 651 Joannes
365 621 498 650 Jacobus
516 621 564 650 tit.
584 631 607 649 s.
629 620 732 659 Steph.
751 620 783 648 in
802 619 831 648 C.
853 620 891 648 M.
912 619 1008 657 presb.

23 665 108 697 nrd.
125 666 294 696 Parmensis
308 665 390 702 (VII,
406 666 464 702 32),
481 665 616 694 Andreas
630 664 678 693 tit.
694 674 716 693 s.
733 663 876 693 Martini
869 673 899 692 in
914 667 1008 692 mont.

27 709 126 751 presb.
161 710 241 739 card.
277 709 505 747 Burdegalensis
540 708 637 745 (VIII,
673 709 712 744 4),
747 708 927 736 Laurentius
961 707 1008 736 tit.

28 763 53 785 s.
77 754 172 784 Marci
196 754 293 793 presb.
320 753 400 782 card.
427 753 660 782 Beneventanus
684 762 815 790 nuncup.
844 751 942 788 (VIII,
971 753 1008 788 1),

29 798 164 830 Joannes
183 798 231 827 tit.
252 809 275 827 s.
299 797 453 827 Susannae
472 797 569 835 presb.
590 796 669 825 card.
691 795 909 834 Montisregalis
929 796 1008 834 vulg.

27 851 117 873 nunc.
139 842 207 880 (IX,
230 843 268 878 1),
289 841 514 878 Antoni(ott)us
533 841 581 870 tit.
602 851 624 869 s.
647 840 790 869 Praxedis
810 840 906 878 presb.
928 840 1008 869 card.

29 897 53 917 s.
61 886 240 916 Anastasiae
248 886 328 924 vulg.
339 895 427 915 nunc.
439 885 536 922 (VIII,
547 886 586 921 3),
598 885 618 913 J
620 894 731 913 oannes
740 884 788 913 tit.
799 894 821 913 s.
832 884 1009 913 Anastasiae

28 930 125 970 presb.
146 930 226 960 card.
247 929 469 959 Cantuariensis
488 929 567 967 vulg.
588 938 677 957 nunc.
699 928 767 965 (IX,
791 929 847 964 11),
870 928 1009 966 Baptista

28 985 66 1005 ss.
78 975 99 1004 J
100 974 148 1004 oh.
159 979 191 1004 et
199 974 286 1004 Pauli
295 973 391 1013 presb.
402 973 481 1002 card.
493 973 530 1002 de
539 972 655 1002 Ursinis
665 972 744 1010 vulg.
756 982 844 1001 nunc.
857 972 938 1009 (VII,
949 974 1007 1009 33),

28 1018 187 1048 Federicus
201 1018 249 1047 tit.
265 1029 288 1047 s.
303 1018 413 1047 Luciae
427 1017 458 1046 in
474 1017 556 1055 Sept.
572 1016 669 1055 presb.
686 1016 765 1046 card.
785 1016 964 1045 Gnesnensis
979 1020 1010 1045 et

28 1062 239 1097 Gracoviensis,
269 1062 375 1091 absens
403 1061 471 1098 (IX,
501 1062 558 1098 12),
589 1061 609 1090 J
611 1071 722 1090 oannes
750 1061 797 1089 tit.
827 1071 849 1089 s.
881 1060 1009 1089 Sabinae

27 1106 125 1146 presb.
144 1106 224 1136 eard.
243 1117 266 1135 s.
286 1105 422 1144 Dionysii
440 1105 519 1143 vulg.
539 1115 627 1134 nunc.
648 1105 716 1141 (IX,
737 1106 776 1141 2),
798 1101 931 1134 Joannes
948 1105 1008 1133 An-

29 1151 130 1180 tonius
154 1150 202 1180 tit.
228 1160 265 1179 ss.
292 1149 380 1179 Nerei
403 1153 434 1178 et
459 1149 532 1178 Ach.
558 1149 655 1187 presb.
682 1149 762 1178 card.
788 1149 1009 1178 Alexandrinus

33 1195 113 1234 vulg.
126 1204 215 1224 nunc.
230 1194 298 1231 (IX,
311 1195 351 1230 3),
374 1193 578 1222 Bernardinus
590 1193 638 1222 tit.
652 1203 675 1222 s.
690 1193 790 1222 Crucis
805 1193 836 1222 in
852 1193 871 1222 J
874 1203 912 1222 er.
927 1193 1007 1222 card.

30 1237 211 1278 Saguntinus
226 1238 305 1276 vulg.
323 1247 411 1266 nunc.
430 1237 498 1274 (IX,
516 1238 555 1274 4),
574 1237 774 1275 Raymundus
791 1237 838 1266 tit.
857 1247 879 1266 s.
898 1237 1009 1266 Mariae

27 1292 124 1313 novae
131 1282 229 1322 presb.
240 1281 319 1311 card.
333 1281 490 1311 Gurcensis
500 1281 579 1320 vulg.
591 1291 679 1310 nunc.
692 1281 760 1318 (IX,
773 1283 830 1318 10),
844 1281 1009 1310 Guilelmus

31 1326 79 1356 fit.
100 1337 123 1356 s.
145 1326 351 1356 Pudentianae
370 1325 468 1364 presb.
491 1325 571 1354 card.
585 1325 793 1354 Macloviensis
814 1325 894 1363 vulg.
908 1335 1007 1359 nunc.,

27 1370 135 1400 absens
149 1370 217 1408 (IX,
233 1372 290 1407 15),
307 1369 462 1408 Philippus
477 1369 524 1398 tit.
540 1380 577 1399 ss.
593 1369 756 1398 Marcellini
771 1374 801 1398 et
815 1369 896 1398 Petri
911 1369 1007 1408 presb.

28 1413 108 1445 eard.
123 1414 161 1444 de
175 1414 382 1452 Lucemburgo
396 1414 476 1452 vulg.
492 1423 581 1443 nunc.
599 1414 667 1451 (IX,
686 1415 743 1450 16),
760 1413 1010 1443 Bartholomaeus

26 1457 76 1488 tit.
97 1469 120 1488 s.
141 1458 278 1498 Agathae
298 1458 378 1487 card.
403 1457 621 1496 Segobricensis
642 1458 722 1496 vulg.
745 1468 833 1487 nunc.
858 1458 926 1494 (IX,
950 1459 1007 1494 18),

28 1501 162 1533 Joannes
179 1502 329 1532 Antonius
348 1502 396 1531 tit.
417 1512 440 1531 s.
461 1502 572 1531 Mariae
592 1506 628 1531 tr.
650 1502 715 1531 Tib.
736 1502 833 1540 presb.
854 1502 934 1531 card.
955 1502 1008 1531 Ca-

26 1555 144 1586 puanus
159 1546 238 1585 vulg.
254 1556 343 1576 nunc.
361 1546 430 1583 (IX,
448 1547 505 1583 17),
524 1546 658 1575 Joannes
673 1546 720 1575 tit.
737 1556 760 1575 s.
778 1546 895 1575 Priscae
910 1546 1007 1584 presb.

25 1589 106 1621 eard.
129 1590 341 1629 Agrigentinus
364 1590 444 1629 vulg.
469 1600 557 1619 nunc.
583 1590 652 1627 (IX,
679 1592 735 1627 19),
761 1590 936 1619 Franciscus
959 1590 1007 1619 tit.

25 1643 50 1665 s.
76 1634 232 1664 Eustachii
260 1634 360 1671 (diac.)
389 1634 468 1664 card.
500 1634 637 1663 Senensis
664 1635 744 1673 vulg.
773 1644 861 1663 nunc.
891 1634 938 1670 (V,
967 1636 1007 1671 5),

25 1677 162 1718 Raphael
183 1679 231 1708 tit.
253 1689 276 1708 s.
301 1678 419 1717 Georgii
439 1678 478 1707 ad
500 1678 600 1708 velum
621 1689 684 1708 aur.
707 1678 783 1708 diac.
806 1678 897 1713 card,
922 1678 950 1707 S.
974 1679 1006 1708 P.

26 1723 206 1752 camerarius
233 1723 314 1760 (VII,
342 1723 400 1759 22),
429 1723 564 1752 Joannes
590 1723 680 1761 Bapt.
709 1723 756 1752 tit.
785 1733 807 1751 s.
835 1722 951 1752 Nicolai
977 1723 1008 1751 in

27 1775 142 1796 mere
159 1766 234 1796 Tull.
251 1766 328 1796 diac.
346 1766 426 1796 card.
444 1766 481 1796 de
500 1766 624 1796 Sabellis
641 1767 720 1806 vulg.
740 1777 828 1796 nunc.
848 1767 928 1804 (VII,
948 1768 1006 1803 27),

27 1809 160 1840 Joannes
179 1810 228 1840 111.
248 1821 271 1840 s.
292 1810 404 1840 Mariae
422 1811 454 1840 in
473 1811 587 1850 Aquiro
606 1811 682 1840 diac.
704 1811 784 1840 card.
805 1811 842 1840 de
862 1811 1007 1840 Columna

25 1854 106 1893 vulg.
124 1864 214 1884 nunc.
234 1854 315 1891 (VII,
335 1855 393 1892 28),
413 1855 559 1884 Ascanius
577 1855 671 1884 Maria
690 1855 737 1884 tit.
758 1865 795 1884 ss.
816 1855 878 1884 Viti
896 1859 927 1884 et
944 1855 1006 1884 Μο-

26 1897 104 1928 desti
124 1897 200 1928 diac.
223 1898 302 1928 card.
328 1898 439 1928 Sfortia
459 1899 632 1934 vicecomes,
658 1899 686 1928 S.
710 1899 747 1928 R.
770 1899 804 1928 E.
828 1899 1007 1928 vicecancel-

29 1941 118 1972 larius
133 1942 214 1980 (VII,
231 1943 290 1980 34),
317 1943 424 1972 Petrus
444 1943 492 1972 tit.
509 1953 532 1972 s.
549 1943 674 1972 Adriani
689 1943 765 1972 diac.
783 1943 862 1972 card.
881 1953 1007 1982 magnus

26 1986 168 2025 magister
182 1986 283 2016 Rhodi
298 1987 378 2025 vulg.
395 1997 494 2021 nunc.,
511 1987 618 2016 absens
634 1987 733 2024 (VIII,
749 1989 789 2024 5),
809 1987 941 2017 Joannes
957 1987 1005 2016 tit.

25 2039 50 2060 s.
63 2030 176 2060 Mariae
188 2030 220 2060 in
233 2030 391 2060 Dominica
405 2030 480 2060 diac.
496 2031 576 2060 card.
591 2031 628 2060 de
642 2031 765 2060 Medicis
778 2031 858 2070 vulg.
874 2042 1004 2070 nuncup.

27 2073 124 2112 (VIII,
143 2076 182 2111 7),
199 2074 357 2104 Federicus
373 2074 420 2103 tit.
438 2085 460 2104 s.
479 2075 625 2104 Theodori
640 2075 716 2104 diac.
734 2075 814 2104 card.
831 2085 854 2105 s.
874 2075 1006 2105 Severini

25 2118 104 2158 vulg.
119 2128 208 2148 nunc.
224 2118 322 2155 (VIII,
337 2120 377 2155 8),
393 2119 579 2157 Hippolytus
593 2119 640 2148 tit.
656 2129 678 2148 s.
694 2119 803 2148 Luciae
816 2119 847 2148 in
864 2119 913 2149 Sil.
929 2119 1004 2149 diac.

24 2162 104 2192 eard.
125 2162 259 2192 Estensis
278 2163 358 2201 vulg.
379 2173 467 2192 nunc.
489 2163 557 2200 (IX,
579 2164 636 2200 13),
657 2163 764 2192 Caesar
783 2163 831 2192 tit.
851 2174 874 2193 s.
895 2164 1006 2193 Mariae

23 2215 121 2237 novae
133 2206 209 2236 diac.
223 2206 303 2236 card.
318 2207 398 2245 vulg.
413 2217 512 2241 nunc.,
527 2207 714 2245 permutavit
727 2207 796 2244 (IX,
810 2209 850 2244 5),
867 2207 1006 2237 Julianus

23 2249 72 2281 tit.
87 2261 110 2280 s.
127 2250 220 2290 Sergii
234 2255 265 2280 et
279 2251 390 2280 Bacchi
403 2250 479 2280 diac.
495 2251 575 2280 card.
591 2251 628 2280 de
642 2250 806 2280 Caesarinis
820 2252 900 2290 vulg.
916 2262 1004 2281 nunc.

25 2293 93 2332 (IX,
114 2296 154 2332 6),
175 2294 351 2324 Dominicus
371 2295 418 2324 tit.
440 2306 462 2324 s.
485 2295 600 2324 Nicolai
620 2295 698 2324 inter
717 2295 805 2334 imag.
827 2295 902 2325 diac.
925 2295 1004 2325 card.

26 2337 186 2368 Grimanus
214 2339 293 2378 vulg.
323 2349 422 2374 nunc.,
452 2339 624 2377 patriarcha
652 2339 836 2378 Aquilegien.
867 2340 935 2376 (IX,
966 2342 1004 2376 7),

25 2381 193 2413 Alexander
208 2383 256 2412 tit.
273 2393 311 2412 ss.
329 2383 453 2412 Cosmae
469 2387 500 2412 et
516 2383 604 2412 Dam.
621 2383 697 2412 diac.
715 2383 794 2412 card.
812 2383 849 2412 de
866 2384 1006 2413 Farnesio

25 2425 104 2466 vulg.
121 2436 210 2456 nunc.
229 2427 297 2464 (IX,
315 2428 355 2464 8),
375 2427 578 2456 Bernardinus
594 2427 642 2456 tit.
661 2438 683 2456 s.
702 2427 818 2465 Cyriaci
835 2427 865 2456 in
882 2428 1006 2457 thermis

24 2469 100 2501 diac.
118 2470 198 2500 card.
217 2470 254 2500 de
271 2471 389 2500 Lunate
407 2471 486 2509 vulg.
507 2482 594 2501 nunc.
615 2471 683 2508 (IX,
703 2473 742 2508 9),
764 2471 896 2500 Joannes
914 2472 962 2501 tit.
981 2482 1004 2501 s.

24 2513 136 2544 Uatiae
151 2514 182 2544 in
196 2514 246 2544 via
262 2515 324 2544 lata
339 2515 415 2545 diac.
433 2515 513 2545 card.
531 2516 639 2554 Borgia
656 2516 735 2554 vulg.
753 2525 841 2544 nunc.
860 2516 928 2552 (IX,
946 2517 1004 2552 20),

25 2556 164 2598 Asbysius
184 2558 231 2588 tit.
253 2569 276 2588 s.
298 2559 409 2589 Mariae
430 2559 460 2589 in
480 2559 577 2589 Cosm.
599 2559 675 2588 diac.
697 2559 777 2588 card.
799 2559 835 2588 de
857 2560 1006 2598 Aragonia

25 2601 105 2641 vulg.
131 2612 219 2632 nunc.
246 2602 314 2640 (IX,
342 2604 399 2640 14).
451 2603 625 2643 Sequuntur
650 2603 824 2633 subdiaconi
850 2604 1005 2642 apostolici

26 2646 87 2683 (no.
101 2647 142 2683 5),
157 2646 308 2676 auditores
321 2651 404 2677 rotae
419 2649 479 2685 (no.
497 2649 553 2685 12),
570 2648 710 2686 magister
724 2658 746 2677 s.
762 2647 867 2686 palatii
883 2648 1006 2685 (Paulus

23 2689 62 2720 de
80 2690 209 2720 Mouelia
229 2690 390 2721 Januensis
410 2691 445 2721 O.
467 2692 595 2729 Praed.),
623 2692 719 2721 clerici
739 2702 873 2721 camerae
895 2694 954 2728 (no.
976 2693 1004 2728 7)

25 2743 184 2764 causarum
210 2744 285 2764 cam.
313 2740 409 2774 apost.
437 2736 581 2774 generalis
607 2736 728 2765 auditor
751 2736 870 2773 (Petrus
893 2736 929 2765 de
956 2736 1005 2764 Vi-

26 2778 134 2813 centia,
159 2788 205 2817 ep.
231 2778 446 2817 Caesenaten.),
472 2780 604 2819 acolythi
629 2780 785 2819 apostolici
811 2782 870 2817 (no.
896 2782 936 2817 8),
960 2790 992 2809 sa

25 2821 116 2855 crista
140 2822 270 2861 capellae
296 2822 324 2852 S.
352 2823 384 2852 P.
413 2823 559 2860 (Joannes
587 2824 698 2853 Paulus
723 2824 759 2853 de
786 2824 886 2853 Bossis
911 2824 1005 2853 abbas

26 2874 106 2896 mon.
123 2876 146 2896 s.
166 2866 333 2896 Sebastiani
354 2867 388 2896 O.
408 2867 479 2897 Oist.
499 2872 584 2897 extra
603 2878 703 2898 muros
725 2868 835 2905 Urbis),
865 2868 1005 2907 magister

25 2908 133 2940 domus
152 2910 181 2939 S.
202 2910 244 2950 Ρ.,
265 2910 361 2940 clerici
379 2912 613 2942 ceremoniarum
632 2912 731 2941 dictae
746 2913 876 2950 capellae
890 2915 948 2949 (no.
964 2914 1002 2948 4),

1195 266 1292 295 clerici
1309 266 1493 305 campanarii
1512 268 1571 303 (no.
1592 268 1630 303 2),
1650 267 1746 296 clerici
1764 278 1785 296 s.
1805 268 1918 307 collegii
1938 270 1997 306 (no.
2017 269 2056 305 2),
2076 272 2175 307 proto-

1195 310 1304 339 notarii
1322 310 1537 349 participantes
1556 312 1615 348 (no.
1636 313 1674 348 7),
1694 311 1915 350 poenitentiarii
1936 313 1963 342 S.
1984 313 2016 342 P.
2037 314 2096 350 (no.
2117 314 2174 350 ll),

1196 354 1256 383 scil.
1286 365 1340 393 pro
1368 354 1540 383 nationibus
1568 355 1743 384 Alamanica
1771 356 1923 394 superiori,
1952 357 2049 386 Alam.
2079 357 2174 393 infer„

1195 398 1368 437 Anglicana,
1385 398 1534 433 polonica,
1552 399 1700 437 Ungarica
1715 399 1831 438 singuli,
1848 411 1902 438 pro
1918 401 2032 435 Italica,
2052 401 2173 436 Gallica,

1196 442 1359 481 Hispanica
1381 443 1451 472 bini.
1493 443 1551 472 Otr.
1574 443 1682 473 Burch.
1706 444 1786 472 Diar.
1810 444 1827 473 l.
1850 455 1874 473 c.
1897 445 1938 480 ΙΙ,
1964 446 2123 475 346-351,
2195 447 2251 475 589

1273 487 1354 515 Maii
1370 486 1389 516 6
1417 487 1500 525 Papa
1518 487 1667 526 equitavit
1685 488 1801 517 Ostiam
1819 488 1989 518 Tiberinam
2007 493 2038 518 81
2054 500 2123 518 cum
2140 499 2174 519 eo

1195 530 1372 560 Valentinus
1394 535 1424 560 et
1445 531 1482 560 de
1503 531 1612 570 Borgia
1633 532 1797 561 cardinales
1820 532 1869 569 (ad
1892 533 2085 562 tractandum
2106 544 2174 563 cum

1196 575 1318 604 Juliano
1340 575 1387 604 tit.
1411 586 1432 604 s.
1457 575 1537 604 Petri
1559 576 1666 612 card.);
1690 587 1824 605 reversus
1846 581 1891 605 est
1913 577 1981 606 inde
2002 577 2050 606 die
2072 578 2174 606 Lunae

1194 620 1220 648 8.
1243 619 1318 657 Aug.
1360 619 1392 648 L.
1415 630 1439 648 c.
1462 630 1490 657 p.
1513 621 1577 649 365.
2193 624 2251 651 590

1271 663 1353 692 Maii
1371 663 1408 692 22
1438 663 1511 692 feria
1531 664 1561 692 ΙΙ
1583 664 1640 693 fuit
1659 664 1868 693 consistorium
1887 670 2043 700 secretum,
2065 665 2095 694 in
2115 676 2174 704 quo

1194 707 1273 736 card.
1298 707 1335 736 de
1358 707 1466 746 Borgia
1489 708 1547 737 fuit
1569 708 1782 746 pronuntiatus
1805 713 1835 737 et
1857 713 1975 738 creatus
1998 710 2112 747 legatus
2135 710 2173 738 ad

1194 751 1250 780 civ.
1272 755 1303 780 et
1323 751 1423 780 comit.
1446 752 1584 781 Perusiae
1604 756 1635 781 et
1654 757 1812 791 propterea
1832 753 2007 782 consistorio
2028 753 2115 782 finito
2134 754 2173 783 ab

1195 795 1333 824 omnibus
1358 796 1437 824 card.
1464 800 1510 825 est
1533 796 1723 834 collegialiter
1748 807 1841 835 usque
1866 797 1904 826 ad
1930 808 2078 826 cameram
2103 808 2173 826 suae

1194 839 1379 874 residentiae,
1406 850 1496 878 quam
1521 840 1550 869 in
1574 841 1687 878 palatio
1711 845 1807 879 apost.
1833 841 1973 876 habebat,
1999 842 2171 871 associatus.

1194 883 1226 912 L.
1249 894 1273 912 c.
1296 894 1335 922 p,.
1357 886 1422 913 368.
2193 888 2246 915 591

1269 928 1360 957 Jum‘i
1384 928 1403 957 8
1439 928 1497 957 fuit
1522 929 1730 958 consistorium
1756 934 1912 964 secretum,
1940 930 1969 958 in
1996 940 2055 968 quo
2094 930 2122 959 S.
2149 931 2173 959 P

1193 971 1360 1009 publicavit
1384 972 1515 1010 legatum
1538 973 1574 1001 de
1599 973 1690 1002 latere
1713 973 1893 1002 cardinalem
1918 974 2111 1003 Valentinum
2134 974 2173 1003 ad

1194 1015 1398 1054 inungendum
1434 1021 1465 1045 et
1501 1017 1705 1046 coronandum
1741 1017 1915 1047 Federicum
1951 1018 1988 1047 de
2024 1018 2173 1057 Aragonia

1196 1059 1310 1089 Siciliae
1337 1070 1443 1099 regem,
1472 1061 1523 1099 qui
1549 1061 1636 1090 finito
1662 1061 1836 1091 consistorio
1863 1062 1901 1091 ab
1928 1062 2066 1091 omnibus
2091 1062 2171 1092 card.

1193 1104 1399 1142 praesentibus
1429 1105 1487 1133 fuit
1515 1105 1679 1134 associatus
1708 1116 1802 1144 usque
1831 1106 1870 1135 ad
1899 1116 2048 1136 cameram
2076 1117 2171 1136 suam.

1194 1148 1226 1176 L.
1249 1158 1272 1177 8.
1295 1159 1324 1186 p.
1346 1150 1411 1178 387.
2191 1152 2248 1181 592

1270 1193 1345 1230 Auq.
1371 1193 1410 1222 23
1445 1193 1567 1222 fuerunt
1591 1194 1757 1223 celebratae
1783 1194 1926 1232 exequiae
1950 1205 2004 1233 pro
2029 1195 2108 1224 card.
2135 1195 2173 1224 de

1193 1236 1310 1265 Lunate
1335 1237 1383 1266 die
1408 1239 1426 1266 8
1451 1238 1526 1276 Aug.
1553 1237 1696 1267 defuncti.
1748 1238 1780 1267 L.
1807 1248 1831 1267 c.
1859 1249 1887 1276 p.
1915 1239 2075 1268 392—398.
2191 1241 2248 1268 593

1268 1280 1346 1319 Sept.
1362 1281 1381 1310 6
1406 1281 1513 1310 Caesar
1527 1292 1549 1310 s.
1566 1282 1677 1311 Mariae
1691 1292 1787 1311 novae
1802 1282 1877 1311 diac.
1894 1283 1984 1317 card„
2013 1283 2064 1322 qui
2078 1283 2172 1322 pridie

1192 1334 1340 1362 regressus
1358 1330 1404 1354 est
1421 1335 1439 1354 a
1458 1326 1605 1364 legatione
1623 1336 1685 1361 sua,
1715 1336 1782 1364 rege
1800 1326 2001 1365 Neapolitano
2019 1331 2170 1363 coronato,

1194 1373 1240 1397 est
1260 1373 1397 1407 receptus
1417 1380 1435 1398 a
1455 1369 1530 1399 dnis.
1553 1370 1632 1399 card.
1654 1381 1735 1399 more
1756 1371 1922 1409 legatorum
1962 1371 2050 1400 solito
2079 1371 2172 1410 (apud

1192 1413 1408 1442 monasterium
1428 1413 1456 1443 b.
1479 1414 1590 1443 Mariae
1610 1416 1728 1451 novae).
1769 1414 1819 1444 AC
1839 1415 1959 1444 Miscell.
1982 1415 2040 1450 ΙΙΙ,
2062 1417 2089 1445 8.
2190 1417 2246 1445 594

1268 1457 1346 1495 Sept.
1361 1458 1400 1487 23
1423 1458 1454 1486 111
1469 1468 1556 1487 mane
1570 1458 1715 1487 Ascanius
1729 1458 1987 1488 vicecancellarius
2001 1459 2121 1489 recessit
2134 1470 2171 1489 ex

1193 1501 1274 1530 Urbe
1289 1501 1386 1531 iturus
1402 1502 1441 1531 ad
1457 1502 1526 1531 eccl.
1545 1502 1572 1531 b.
1590 1503 1702 1532 Mariae
1717 1502 1754 1532 de
1770 1503 1879 1532 Loreto
1896 1513 1932 1532 ex
1949 1508 2021 1533 voto
2037 1507 2068 1532 et
2083 1504 2172 1533 rediit

1192 1545 1226 1574 21
1250 1545 1316 1574 Oct.
1340 1547 1421 1576 1497.
1462 1546 1571 1575 Burch.
1593 1546 1674 1576 Diar.
1697 1547 1714 1576 1.
1736 1557 1760 1576 c.
1782 1547 1823 1582 ΙΙ,
1845 1548 1900 1577 406
1921 1551 1952 1576 et
1971 1549 2036 1577 410.
2190 1550 2246 1578 595

1268 1590 1335 1619 Dec.
1350 1590 1369 1619 2
1394 1590 1474 1619 card.
1490 1590 1527 1619 de
1542 1590 1659 1629 Borgia,
1675 1591 1813 1620 Perusiae
1828 1591 2031 1630 Umbriaeque
2045 1592 2169 1631 legatus,

1191 1633 1280 1662 rediit
1304 1634 1343 1663 ad
1369 1634 1482 1664 Urbem
1506 1634 1543 1663 de
1568 1635 1715 1673 legatione
1740 1645 1803 1670 sua,
1829 1646 1847 1664 a
1872 1635 1933 1664 suis
1958 1636 2170 1666 tantummodo

1191 1678 1364 1707 associatus.
1406 1678 1439 1708 L.
1461 1689 1485 1708 c.
1508 1689 1536 1717 p.
1559 1680 1623 1708 414.
2189 1682 2245 1710 596

1267 1722 1334 1751 Dec.
1356 1722 1375 1751 9
1405 1722 1506 1752 obitus
1526 1723 1605 1752 card.
1628 1723 1804 1753 Parmensis.
1845 1724 1894 1752 AC
1915 1724 2035 1753 Miscell.
2058 1724 2115 1759 III,
2136 1726 2168 1760 8;

1190 1765 1242 1794 cfr.
1266 1766 1374 1796 Burch.
1398 1766 1478 1796 Diar.
1501 1767 1518 1796 l.
1541 1777 1565 1796 8.
1588 1767 1628 1802 ΙΙ,
1651 1768 1810 1797 414-416.
2188 1770 2243 1799 597

1267 1810 1334 1840 Dee.
1354 1810 1391 1839 12
1411 1811 1464 1847 (vel
1483 1811 1579 1849 potius
1597 1811 1646 1848 11)
1666 1811 1807 1841 introitus
1826 1812 1905 1841 card.
1927 1812 2120 1841 Ferrariensis
2138 1816 2170 1841 et

1191 1855 1209 1882 8
1230 1854 1299 1883 Jan.
1321 1856 1394 1884 1498
1413 1855 1539 1893 aperitio
1558 1855 1616 1884 oris
1634 1855 1777 1894 ejusdem.
1815 1856 1864 1885 AC
1884 1856 2003 1885 Miscell.
2025 1856 2082 1891 ΙΙΙ,
2102 1858 2129 1885 8.
2187 1858 2245 1886 598

1666 1930 1768 1966 1498.

1265 1987 1355 2016 Mart.
1375 1987 1412 2016 21
1443 1987 1522 2016 card.
1546 1987 1714 2023 Grimanus,
1735 1989 1773 2017 ad
1793 1990 1862 2018 eccl.
1884 1994 1961 2027 patr.
1982 1990 2165 2028 Aquilegien.

1188 2035 1353 2069 promotus,
1374 2041 1391 2060 a
1413 2031 1538 2070 Georgio
1557 2042 1602 2070 ep.
1623 2032 1846 2071 Milopotamen.
1867 2033 1897 2062 in
1917 2034 2013 2072 presb.
2034 2038 2079 2062 est
2097 2044 2165 2063 con-

1188 2079 1334 2109 secratus;
1352 2075 1399 2104 die
1416 2079 1519 2104 autem
1535 2077 1572 2105 28
1589 2076 1677 2105 Mart.
1698 2076 1726 2106 S.
1745 2077 1778 2106 P.
1795 2077 1949 2106 ecclesiam
1966 2088 1988 2107 s.
2007 2077 2070 2107 Nic.
2090 2078 2167 2106 inter

1188 2119 1287 2157 imag,
1314 2129 1390 2158 quae
1414 2119 1536 2149 ecclesia
1559 2120 1634 2149 diac.
1660 2125 1732 2155 erat,
1759 2121 1789 2149 in
1813 2121 1881 2150 eccl.
1908 2122 2004 2160 presb.
2027 2122 2120 2151 erexit
2136 2126 2167 2151 81

1188 2163 1285 2192 eidem
1311 2163 1390 2192 card.
1422 2163 1565 2193 Grimano
1591 2164 1674 2193 dedit
1701 2165 1731 2193 in
1759 2165 1892 2195 titulum.
1947 2166 2054 2195 Burch.
2084 2166 2164 2195 Diar.

1189 2207 1206 2236 1.
1229 2217 1253 2236 c.
1277 2207 1317 2242 II,
1339 2209 1394 2237 439
1416 2211 1447 2236 et
1467 2209 1531 2237 440.
2187 2212 2243 2239 599

1266 2251 1356 2280 Mart.
1374 2251 1411 2280 22
1440 2252 1550 2281 Paulus
1566 2252 1603 2281 de
1620 2252 1850 2291 Campofregoso
1867 2254 1914 2282 tit.
1933 2264 1954 2282 s.
1976 2254 2053 2283 Sixti
2070 2254 2165 2292 presb.

1189 2295 1279 2330 card„
1303 2305 1368 2334 aep.
1394 2295 1533 2331 Januen.,
1557 2296 1696 2335 spiritum
1718 2297 1849 2326 reddidit
1871 2297 2012 2327 Creatori.
2058 2298 2165 2327 Burch.

1191 2339 1272 2368 Diar.
1295 2340 1312 2368 l.
1335 2350 1359 2368 c.
1382 2350 1411 2378 p.
1433 2341 1584 2369 435—438
1604 2345 1635 2369 et
1655 2342 1815 2370 440-—442.
2188 2343 2245 2371 600

1265 2384 1346 2412 Julii
1362 2383 1380 2412 4
1406 2383 1453 2412 die
1471 2384 1615 2419 Mercurii,
1635 2395 1711 2423 quae
1727 2385 1785 2414 fuit
1801 2385 1865 2414 dies
1881 2385 2055 2421 consistorii,
2075 2396 2167 2424 quum

1189 2427 1276 2456 certis
1295 2427 1479 2466 respectibus
1499 2428 1533 2457 B.
1555 2428 1602 2458 tit.
1624 2439 1646 2458 s.
1668 2429 1769 2459 Crucis
1786 2429 1817 2458 in
1839 2429 1936 2459 Jerus.
1958 2430 2054 2468 presb.
2075 2430 2165 2465 card„

1190 2482 1212 2500 s.
1231 2471 1345 2510 collegii
1361 2472 1549 2507 camerarius,
1567 2473 1732 2508 statuisset,
1750 2473 1831 2512 quod
1847 2473 1954 2503 divisio
1975 2474 2167 2512 pecuniarum

1189 2525 1339 2544 commun.
1364 2520 1395 2544 et
1418 2516 1524 2545 minut.
1549 2517 1661 2552 servit„
1687 2527 1762 2556 quae
1786 2517 1815 2546 in
1840 2517 1940 2556 vigilia
1964 2518 2167 2556 apostolorum

1190 2559 1271 2588 Petri
1292 2563 1323 2588 et
1344 2560 1429 2588 Pauli
1450 2560 1514 2589 fieri
1534 2560 1694 2596 debuisset,
1717 2561 1755 2590 ad
1776 2566 1845 2591 octo
1865 2561 1929 2591 dies
1948 2562 2114 2597 differatur,
2136 2566 2168 2591 et

1136 2617 1137 2622 =
1188 2603 1267 2632 inter
1285 2603 1368 2633 dnos.
1390 2604 1469 2633 card.
1490 2614 1578 2643 super
1597 2605 1755 2643 participio
1773 2605 1944 2635 absentium
1963 2616 2059 2635 sermo
2078 2606 2166 2635 habe-

1188 2651 1279 2682 retur,
1301 2648 1474 2677 conclusum
1495 2648 1561 2684 fuit,
1584 2649 1664 2687 quod
1685 2649 1715 2678 in
1736 2649 1817 2678 dicta
1837 2649 1982 2679 divisione
2003 2650 2167 2679 cardinales

1188 2691 1413 2730 Neapolitanus,
1440 2691 1679 2728 Beneventanus,
1708 2693 1876 2729 Grimanus,
1909 2694 2046 2723 Senensis
2072 2697 2103 2723 et
2130 2693 2167 2723 de

1190 2735 1297 2774 Borgia
1323 2736 1513 2774 participent,
1541 2747 1575 2766 ac
1602 2737 1625 2766 si
1652 2742 1823 2776 praesentes
1848 2742 1955 2767 essent.
2010 2738 2167 2767 Statutum

1191 2790 1309 2818 quoque
1320 2780 1378 2809 fuit
1387 2790 1439 2818 per
1449 2780 1568 2810 eosdem
1578 2781 1657 2810 card.
1668 2781 1699 2810 in
1709 2781 1790 2810 dicto
1799 2781 1975 2811 consistorio
1984 2782 2165 2817 assistentes,

1189 2824 1397 2853 authorizante
1413 2824 1441 2853 S.
1456 2825 1499 2859 Ρ.,
1514 2825 1594 2863 quod
1607 2825 1771 2854 cardinales
1783 2825 1931 2860 absentes,
1946 2826 1996 2864 qui
2009 2836 2062 2864 per
2074 2836 2167 2855 unum

1190 2878 1302 2897 annum
1317 2868 1494 2897 continuum
1508 2869 1555 2898 vel
1569 2869 1675 2898 saltem
1690 2869 1904 2908 interpolatum
1919 2870 1949 2898 in
1964 2870 2044 2899 Urbe
2059 2870 2165 2905 Roma,

1190 2912 1235 2941 vel
1249 2912 1300 2941 ubi
1315 2911 1343 2941 S.
1359 2912 1390 2941 P.
1405 2922 1473 2941 cum
1486 2923 1539 2942 sua
1552 2913 1633 2942 curia
1646 2923 1760 2942 moram
1774 2913 1909 2948 traxerit,
1923 2923 1982 2943 non
1994 2914 2165 2949 residerent,
