<?xml version="1.0" encoding="UTF-8"?>
<!DOCTYPE html PUBLIC "-//W3C//DTD XHTML 1.0 Transitional//EN"
    "http://www.w3.org/TR/xhtml1/DTD/xhtml1-transitional.dtd">
<html xmlns="http://www.w3.org/1999/xhtml" xml:lang="en" lang="en">
 <head>
  <title>
</title>
<meta http-equiv="Content-Type" content="text/html;charset=utf-8" />
  <meta name='ocr-system' content='tesseract 3.04.00' />
  <meta name='ocr-capabilities' content='ocr_page ocr_carea ocr_par ocr_line ocrx_word'/>
</head>
<body>
  <div class='ocr_page' id='page_1' title='image "./hierarchiacathol02eubeuoft/hierarchiacathol02eubeuoft_0137.png"; bbox 0 0 2436 3328; ppageno 0'>
   <div class='ocr_carea' id='block_1_1' title="bbox 495 192 2219 238">
    <p class='ocr_par' dir='ltr' id='par_1_1' title="bbox 495 192 2219 238">
     <span class='ocr_line' id='line_1_1' title="bbox 495 192 2219 238; baseline 0 -10"><span class='ocrx_word' id='word_1_1' title='bbox 495 193 734 237; x_wconf 83' lang='lat' dir='ltr'>Ampurien.,</span> <span class='ocrx_word' id='word_1_2' title='bbox 757 193 968 236; x_wconf 73' lang='lat' dir='ltr'>Amyclen„</span> <span class='ocrx_word' id='word_1_3' title='bbox 991 193 1197 237; x_wconf 67' lang='lat' dir='ltr'>Anagnjn„</span> <span class='ocrx_word' id='word_1_4' title='bbox 1220 192 1465 233; x_wconf 66' lang='lat' dir='ltr'>Anconitan„</span> <span class='ocrx_word' id='word_1_5' title='bbox 1484 193 1734 238; x_wconf 81' lang='lat' dir='ltr'>Andegaven.</span> <span class='ocrx_word' id='word_1_6' title='bbox 2180 197 2219 228; x_wconf 87' lang='grc'>87</span> 
     </span>
    </p>
   </div>
   <div class='ocr_carea' id='block_1_2' title="bbox 8 296 1118 491">
    <p class='ocr_par' dir='ltr' id='par_1_2' title="bbox 8 296 1118 491">
     <span class='ocr_line' id='line_1_2' title="bbox 9 296 1022 337; baseline -0.003 -7"><span class='ocrx_word' id='word_1_7' title='bbox 9 298 61 330; x_wconf 88' lang='lat' dir='ltr'>ob.</span> <span class='ocrx_word' id='word_1_8' title='bbox 85 297 214 330; x_wconf 74' lang='lat' dir='ltr'>Gonam</span> <span class='ocrx_word' id='word_1_9' title='bbox 463 296 614 327; x_wconf 74' lang='lat' dir='ltr'>euinctus</span> <span class='ocrx_word' id='word_1_10' title='bbox 637 296 753 335; x_wconf 81' lang='lat' dir='ltr'>(Esus),</span> <span class='ocrx_word' id='word_1_11' title='bbox 777 306 844 327; x_wconf 83' lang='lat' dir='ltr'>can.</span> <span class='ocrx_word' id='word_1_12' title='bbox 868 296 925 337; x_wconf 84' lang='lat' dir='ltr'>ips.</span> <span class='ocrx_word' id='word_1_13' title='bbox 949 296 1022 328; x_wconf 88' lang='lat' dir='ltr'>eccl.</span> 
     </span>
     <span class='ocr_line' id='line_1_3' title="bbox 15 348 832 388; baseline -0.006 -4"><span class='ocrx_word' id='word_1_14' title='bbox 15 374 423 384; x_wconf 88' lang='grc'><strong>..........</strong></span> <span class='ocrx_word' id='word_1_15' title='bbox 459 349 616 380; x_wconf 75' lang='lat' dir='ltr'>Antonius</span> <span class='ocrx_word' id='word_1_16' title='bbox 637 349 677 379; x_wconf 90' lang='grc'>(10</span> <span class='ocrx_word' id='word_1_17' title='bbox 699 348 832 388; x_wconf 79' lang='lat' dir='ltr'>Alcalal)</span> 
     </span>
     <span class='ocr_line' id='line_1_4' title="bbox 14 401 1118 443; baseline -0.004 -7"><span class='ocrx_word' id='word_1_18' title='bbox 14 427 424 436; x_wconf 90' lang='grc'><strong>..........</strong></span> <span class='ocrx_word' id='word_1_19' title='bbox 459 402 605 434; x_wconf 76' lang='lat' dir='ltr'>Nicolaus</span> <span class='ocrx_word' id='word_1_20' title='bbox 626 402 665 433; x_wconf 91' lang='lat' dir='ltr'>de</span> <span class='ocrx_word' id='word_1_21' title='bbox 687 401 816 443; x_wconf 82' lang='lat' dir='ltr'>Campo,</span> <span class='ocrx_word' id='word_1_22' title='bbox 839 402 900 432; x_wconf 93' lang='lat' dir='ltr'>obl.</span> <span class='ocrx_word' id='word_1_23' title='bbox 924 413 956 433; x_wconf 84' lang='lat' dir='ltr'>se</span> <span class='ocrx_word' id='word_1_24' title='bbox 979 403 1050 442; x_wconf 89' lang='lat'>(165</span> <span class='ocrx_word' id='word_1_25' title='bbox 1072 402 1118 441; x_wconf 90' lang='lat' dir='ltr'>fl.)</span> 
     </span>
     <span class='ocr_line' id='line_1_5' title="bbox 8 455 948 491; baseline -0.005 -1"><span class='ocrx_word' id='word_1_26' title='bbox 8 455 60 491; x_wconf 77' lang='grc'>011.</span> <span class='ocrx_word' id='word_1_27' title='bbox 81 455 204 488; x_wconf 77' lang='lat' dir='ltr'>Nicolai</span> <span class='ocrx_word' id='word_1_28' title='bbox 459 456 635 487; x_wconf 84' lang='lat' dir='ltr'>Ludovicus</span> <span class='ocrx_word' id='word_1_29' title='bbox 659 455 792 486; x_wconf 83' lang='lat' dir='ltr'>Joannis</span> <span class='ocrx_word' id='word_1_30' title='bbox 814 455 850 486; x_wconf 92' lang='grc' dir='ltr'>Ο.</span> <span class='ocrx_word' id='word_1_31' title='bbox 873 455 948 486; x_wconf 89' lang='lat' dir='ltr'>Min.</span> 
     </span>
    </p>
   </div>
   <div class='ocr_carea' id='block_1_3' title="bbox 8 508 320 543">
    <p class='ocr_par' dir='ltr' id='par_1_3' title="bbox 8 508 320 543">
     <span class='ocr_line' id='line_1_6' title="bbox 8 508 320 543; baseline -0.013 0"><span class='ocrx_word' id='word_1_32' title='bbox 8 508 60 543; x_wconf 66' lang='lat'>01».</span> <span class='ocrx_word' id='word_1_33' title='bbox 80 508 162 541; x_wconf 85' lang='lat' dir='ltr'>Lud.</span> <span class='ocrx_word' id='word_1_34' title='bbox 187 509 208 540; x_wconf 90' lang='lat' dir='ltr'><strong>J</strong></span> <span class='ocrx_word' id='word_1_35' title='bbox 209 509 320 540; x_wconf 81' lang='lat' dir='ltr'>oannis</span> 
     </span>
    </p>
   </div>
   <div class='ocr_carea' id='block_1_4' title="bbox 9 560 796 604">
    <p class='ocr_par' dir='ltr' id='par_1_4' title="bbox 9 560 796 604">
     <span class='ocr_line' id='line_1_7' title="bbox 9 560 796 604; baseline -0.003 -10"><span class='ocrx_word' id='word_1_36' title='bbox 9 560 74 604; x_wconf 66' lang='lat' dir='ltr'>(ob</span> <span class='ocrx_word' id='word_1_37' title='bbox 94 561 221 601; x_wconf 75' lang='lat' dir='ltr'>Didaoi)</span> <span class='ocrx_word' id='word_1_38' title='bbox 460 562 644 593; x_wconf 79' lang='lat' dir='ltr'>Franciseus</span> <span class='ocrx_word' id='word_1_39' title='bbox 666 560 796 602; x_wconf 81' lang='lat' dir='ltr'>Magni³)</span> 
     </span>
    </p>
   </div>
   <div class='ocr_carea' id='block_1_5' title="bbox 460 508 1637 549">
    <p class='ocr_par' dir='ltr' id='par_1_5' title="bbox 460 508 1637 549">
     <span class='ocr_line' id='line_1_8' title="bbox 460 508 1637 549; baseline -0.001 -9"><span class='ocrx_word' id='word_1_40' title='bbox 460 509 596 540; x_wconf 65' lang='lat' dir='ltr'>Dicaeus</span> <span class='ocrx_word' id='word_1_41' title='bbox 619 508 659 539; x_wconf 90' lang='lat' dir='ltr'>de</span> <span class='ocrx_word' id='word_1_42' title='bbox 683 508 776 538; x_wconf 85' lang='lat' dir='ltr'>Nava</span> <span class='ocrx_word' id='word_1_43' title='bbox 801 508 924 547; x_wconf 82' lang='lat' dir='ltr'>(Maria)</span> <span class='ocrx_word' id='word_1_44' title='bbox 951 508 986 539; x_wconf 95' lang='grc' dir='ltr'>Ο.</span> <span class='ocrx_word' id='word_1_45' title='bbox 1013 519 1036 539; x_wconf 83' lang='lat' dir='ltr'>s.</span> <span class='ocrx_word' id='word_1_46' title='bbox 1065 508 1226 549; x_wconf 79' lang='lat' dir='ltr'>Sepulchri</span> <span class='ocrx_word' id='word_1_47' title='bbox 1251 508 1371 547; x_wconf 81' lang='lat' dir='ltr'>Dom.2)</span> <span class='ocrx_word' id='word_1_48' title='bbox 1414 510 1490 539; x_wconf 89' lang='lat'>1486</span> <span class='ocrx_word' id='word_1_49' title='bbox 1520 508 1589 539; x_wconf 90' lang='lat' dir='ltr'>Oct.</span> <span class='ocrx_word' id='word_1_50' title='bbox 1619 510 1637 538; x_wconf 87' lang='lat'><strong>2</strong></span> 
     </span>
    </p>
   </div>
   <div class='ocr_carea' id='block_1_6' title="bbox 1414 295 2223 603">
    <p class='ocr_par' dir='ltr' id='par_1_6' title="bbox 1414 295 1900 334">
     <span class='ocr_line' id='line_1_9' title="bbox 1414 295 1900 334; baseline 0.004 -8"><span class='ocrx_word' id='word_1_51' title='bbox 1414 297 1490 326; x_wconf 94' lang='lat'>1449</span> <span class='ocrx_word' id='word_1_52' title='bbox 1519 295 1589 327; x_wconf 89' lang='lat' dir='ltr'>Oct.</span> <span class='ocrx_word' id='word_1_53' title='bbox 1621 297 1634 326; x_wconf 93' lang='lat'>1</span> <span class='ocrx_word' id='word_1_54' title='bbox 1695 296 1764 327; x_wconf 95' lang='lat' dir='ltr'>Obl.</span> <span class='ocrx_word' id='word_1_55' title='bbox 1789 297 1837 334; x_wconf 96' lang='lat'>72,</span> <span class='ocrx_word' id='word_1_56' title='bbox 1861 298 1900 328; x_wconf 88' lang='grc'>38</span> 
     </span>
    </p>

    <p class='ocr_par' dir='ltr' id='par_1_7' title="bbox 1414 349 1899 387">
     <span class='ocr_line' id='line_1_10' title="bbox 1414 349 1899 387; baseline 0.002 -8"><span class='ocrx_word' id='word_1_57' title='bbox 1414 349 1490 379; x_wconf 89' lang='grc'>1457</span> <span class='ocrx_word' id='word_1_58' title='bbox 1520 349 1595 380; x_wconf 84' lang='lat' dir='ltr'>Maii</span> <span class='ocrx_word' id='word_1_59' title='bbox 1627 350 1663 379; x_wconf 89' lang='lat'>16</span> <span class='ocrx_word' id='word_1_60' title='bbox 1695 349 1765 380; x_wconf 92' lang='lat' dir='ltr'>Obl.</span> <span class='ocrx_word' id='word_1_61' title='bbox 1789 350 1838 387; x_wconf 98' lang='lat'>72,</span> <span class='ocrx_word' id='word_1_62' title='bbox 1862 350 1899 381; x_wconf 96' lang='lat'>77</span> 
     </span>
    </p>

    <p class='ocr_par' dir='ltr' id='par_1_8' title="bbox 1415 402 1918 440">
     <span class='ocr_line' id='line_1_11' title="bbox 1415 402 1918 440; baseline 0.002 -8"><span class='ocrx_word' id='word_1_63' title='bbox 1415 403 1491 432; x_wconf 88' lang='lat'>1458</span> <span class='ocrx_word' id='word_1_64' title='bbox 1523 402 1592 433; x_wconf 88' lang='lat' dir='ltr'>Oct.</span> <span class='ocrx_word' id='word_1_65' title='bbox 1624 402 1663 433; x_wconf 92' lang='lat'>27</span> <span class='ocrx_word' id='word_1_66' title='bbox 1695 402 1765 433; x_wconf 89' lang='lat' dir='ltr'>Obl.</span> <span class='ocrx_word' id='word_1_67' title='bbox 1790 403 1838 440; x_wconf 88' lang='lat'>76,</span> <span class='ocrx_word' id='word_1_68' title='bbox 1864 404 1918 433; x_wconf 88' lang='lat'>161</span> 
     </span>
    </p>

    <p class='ocr_par' dir='ltr' id='par_1_9' title="bbox 1415 455 1900 496">
     <span class='ocr_line' id='line_1_12' title="bbox 1415 455 1900 496; baseline 0.002 -11"><span class='ocrx_word' id='word_1_69' title='bbox 1415 456 1492 485; x_wconf 92' lang='lat'>1480</span> <span class='ocrx_word' id='word_1_70' title='bbox 1518 456 1597 496; x_wconf 90' lang='lat' dir='ltr'>Aug.</span> <span class='ocrx_word' id='word_1_71' title='bbox 1625 456 1664 486; x_wconf 87' lang='grc'>20</span> <span class='ocrx_word' id='word_1_72' title='bbox 1696 455 1765 486; x_wconf 93' lang='lat' dir='ltr'>Obl.</span> <span class='ocrx_word' id='word_1_73' title='bbox 1789 457 1838 493; x_wconf 91' lang='lat'>83,</span> <span class='ocrx_word' id='word_1_74' title='bbox 1862 457 1900 486; x_wconf 89' lang='grc'>69</span> 
     </span>
    </p>

    <p class='ocr_par' dir='ltr' id='par_1_10' title="bbox 1415 509 2223 603">
     <span class='ocr_line' id='line_1_13' title="bbox 1695 509 2223 541; baseline 0.004 -3"><span class='ocrx_word' id='word_1_75' title='bbox 1695 509 1765 540; x_wconf 87' lang='lat' dir='ltr'>Inn.</span> <span class='ocrx_word' id='word_1_76' title='bbox 1784 509 1864 540; x_wconf 91' lang='lat' dir='ltr'>VIII</span> <span class='ocrx_word' id='word_1_77' title='bbox 1882 509 1953 540; x_wconf 80' lang='lat' dir='ltr'>Lat.</span> <span class='ocrx_word' id='word_1_78' title='bbox 1971 520 1999 540; x_wconf 85' lang='lat' dir='ltr'>a.</span> <span class='ocrx_word' id='word_1_79' title='bbox 2020 511 2034 540; x_wconf 97' lang='lat'>1</span> <span class='ocrx_word' id='word_1_80' title='bbox 2052 509 2071 541; x_wconf 91' lang='lat' dir='ltr'>l.</span> <span class='ocrx_word' id='word_1_81' title='bbox 2089 509 2107 540; x_wconf 93' lang='lat'><strong>7</strong></span> <span class='ocrx_word' id='word_1_82' title='bbox 2124 509 2146 541; x_wconf 79' lang='lat' dir='ltr'>f.</span> <span class='ocrx_word' id='word_1_83' title='bbox 2164 511 2223 540; x_wconf 89' lang='lat'>324</span> 
     </span>
     <span class='ocr_line' id='line_1_14' title="bbox 1415 562 2046 603; baseline 0.002 -11"><span class='ocrx_word' id='word_1_84' title='bbox 1415 562 1490 592; x_wconf 87' lang='lat'>1493</span> <span class='ocrx_word' id='word_1_85' title='bbox 1517 562 1598 592; x_wconf 94' lang='lat' dir='ltr'>Nov.</span> <span class='ocrx_word' id='word_1_86' title='bbox 1625 562 1662 592; x_wconf 93' lang='lat'>27</span> <span class='ocrx_word' id='word_1_87' title='bbox 1697 562 1816 593; x_wconf 88' lang='lat' dir='ltr'>Schede</span> <span class='ocrx_word' id='word_1_88' title='bbox 1839 562 1871 592; x_wconf 91' lang='lat' dir='ltr'>di</span> <span class='ocrx_word' id='word_1_89' title='bbox 1896 562 2046 603; x_wconf 83' lang='lat' dir='ltr'>Garampi</span> 
     </span>
    </p>
   </div>
   <div class='ocr_carea' id='block_1_7' title="bbox 580 643 1653 688">
    <p class='ocr_par' dir='ltr' id='par_1_11' title="bbox 580 643 1653 688">
     <span class='ocr_line' id='line_1_15' title="bbox 580 643 1653 688; baseline -0.001 -10"><span class='ocrx_word' id='word_1_90' title='bbox 580 643 793 688; x_wconf 70' lang='lat' dir='ltr'>Amyclen.</span> <span class='ocrx_word' id='word_1_91' title='bbox 816 643 1030 686; x_wconf 79' lang='lat' dir='ltr'><strong>(Amyclae)</strong></span> <span class='ocrx_word' id='word_1_92' title='bbox 1054 644 1088 676; x_wconf 91' lang='lat' dir='ltr'>in</span> <span class='ocrx_word' id='word_1_93' title='bbox 1113 645 1258 685; x_wconf 87' lang='lat' dir='ltr'>Graecia,</span> <span class='ocrx_word' id='word_1_94' title='bbox 1283 645 1374 677; x_wconf 87' lang='lat' dir='ltr'>suffr.</span> <span class='ocrx_word' id='word_1_95' title='bbox 1398 645 1581 686; x_wconf 66' lang='lat' dir='ltr'>Patracen„</span> <span class='ocrx_word' id='word_1_96' title='bbox 1604 646 1653 677; x_wconf 81' lang='lat' dir='ltr'>tit.</span> 
     </span>
    </p>
   </div>
   <div class='ocr_carea' id='block_1_8' title="bbox 7 711 272 744">
    <p class='ocr_par' dir='ltr' id='par_1_12' title="bbox 7 711 272 744">
     <span class='ocr_line' id='line_1_16' title="bbox 7 711 272 744; baseline -0.008 0"><span class='ocrx_word' id='word_1_97' title='bbox 7 711 60 744; x_wconf 82' lang='lat' dir='ltr'>ob.</span> <span class='ocrx_word' id='word_1_98' title='bbox 83 711 272 744; x_wconf 79' lang='lat' dir='ltr'>Gundisalvi</span> 
     </span>
    </p>
   </div>
   <div class='ocr_carea' id='block_1_9' title="bbox 432 706 2224 760">
    <p class='ocr_par' dir='ltr' id='par_1_13' title="bbox 432 706 2224 760">
     <span class='ocr_line' id='line_1_17' title="bbox 432 706 2224 760; baseline 0.001 -18"><span class='ocrx_word' id='word_1_99' title='bbox 432 706 439 759; x_wconf 83' lang='grc' dir='ltr'>Ι</span> <span class='ocrx_word' id='word_1_100' title='bbox 461 712 653 746; x_wconf 61' lang='lat' dir='ltr'>hunencus,</span> <span class='ocrx_word' id='word_1_101' title='bbox 674 711 816 741; x_wconf 75' lang='lat' dir='ltr'><strong>minister</strong></span> <span class='ocrx_word' id='word_1_102' title='bbox 835 710 948 741; x_wconf 91' lang='lat' dir='ltr'>domus</span> <span class='ocrx_word' id='word_1_103' title='bbox 971 711 1144 742; x_wconf 83' lang='lat' dir='ltr'>Salamant.</span> <span class='ocrx_word' id='word_1_104' title='bbox 1167 712 1203 742; x_wconf 93' lang='lat' dir='ltr'>O.</span> <span class='ocrx_word' id='word_1_105' title='bbox 1225 722 1264 743; x_wconf 87' lang='lat' dir='ltr'>ss.</span> <span class='ocrx_word' id='word_1_106' title='bbox 1287 712 1370 742; x_wconf 88' lang='lat' dir='ltr'>Trin.</span> <span class='ocrx_word' id='word_1_107' title='bbox 1394 706 1401 760; x_wconf 74' lang='grc' dir='ltr'>Ι</span> <span class='ocrx_word' id='word_1_108' title='bbox 1414 712 1489 742; x_wconf 90' lang='grc'>1476</span> <span class='ocrx_word' id='word_1_109' title='bbox 1518 712 1597 752; x_wconf 83' lang='lat' dir='ltr'>Aug.</span> <span class='ocrx_word' id='word_1_110' title='bbox 1625 712 1664 742; x_wconf 87' lang='lat'>30</span> <span class='ocrx_word' id='word_1_111' title='bbox 1679 707 1682 758; x_wconf 52' lang='grc' dir='ltr'>Ι</span> <span class='ocrx_word' id='word_1_112' title='bbox 1697 712 1777 743; x_wconf 87' lang='lat' dir='ltr'>Sixt.</span> <span class='ocrx_word' id='word_1_113' title='bbox 1801 712 1846 743; x_wconf 92' lang='lat' dir='ltr'>IV</span> <span class='ocrx_word' id='word_1_114' title='bbox 1867 712 1938 743; x_wconf 84' lang='lat' dir='ltr'>Lat.</span> <span class='ocrx_word' id='word_1_115' title='bbox 1961 723 1989 743; x_wconf 84' lang='lat' dir='ltr'>a.</span> <span class='ocrx_word' id='word_1_116' title='bbox 2013 714 2030 742; x_wconf 89' lang='lat'><strong>6</strong></span> <span class='ocrx_word' id='word_1_117' title='bbox 2052 713 2071 744; x_wconf 93' lang='lat' dir='ltr'>l.</span> <span class='ocrx_word' id='word_1_118' title='bbox 2097 715 2109 743; x_wconf 97' lang='lat'>1</span> <span class='ocrx_word' id='word_1_119' title='bbox 2134 713 2155 744; x_wconf 80' lang='lat' dir='ltr'>f.</span> <span class='ocrx_word' id='word_1_120' title='bbox 2178 713 2224 753; x_wconf 77' lang='lat'>31)</span> 
     </span>
    </p>
   </div>
   <div class='ocr_carea' id='block_1_10' title="bbox 529 793 1705 837">
    <p class='ocr_par' dir='ltr' id='par_1_14' title="bbox 529 793 1705 837">
     <span class='ocr_line' id='line_1_18' title="bbox 529 793 1705 837; baseline 0 -10"><span class='ocrx_word' id='word_1_121' title='bbox 529 793 734 837; x_wconf 69' lang='lat' dir='ltr'>Anagnia.</span> <span class='ocrx_word' id='word_1_122' title='bbox 759 793 945 837; x_wconf 80' lang='lat' dir='ltr'>(Anagni)</span> <span class='ocrx_word' id='word_1_123' title='bbox 969 794 1004 825; x_wconf 90' lang='lat' dir='ltr'>in</span> <span class='ocrx_word' id='word_1_124' title='bbox 1026 794 1118 826; x_wconf 77' lang='lat' dir='ltr'>Italia</span> <span class='ocrx_word' id='word_1_125' title='bbox 1144 795 1262 834; x_wconf 85' lang='lat' dir='ltr'>media,</span> <span class='ocrx_word' id='word_1_126' title='bbox 1286 795 1418 827; x_wconf 88' lang='lat' dir='ltr'><strong>immed.</strong></span> <span class='ocrx_word' id='word_1_127' title='bbox 1443 795 1528 835; x_wconf 84' lang='lat' dir='ltr'>suhj.</span> <span class='ocrx_word' id='word_1_128' title='bbox 1553 796 1634 836; x_wconf 88' lang='lat'>(300</span> <span class='ocrx_word' id='word_1_129' title='bbox 1656 796 1705 837; x_wconf 88' lang='lat' dir='ltr'>fl.)</span> 
     </span>
    </p>
   </div>
   <div class='ocr_carea' id='block_1_11' title="bbox 9 861 971 1061">
    <p class='ocr_par' dir='ltr' id='par_1_15' title="bbox 9 861 971 1007">
     <span class='ocr_line' id='line_1_19' title="bbox 9 861 250 894; baseline -0.008 0"><span class='ocrx_word' id='word_1_130' title='bbox 9 873 68 894; x_wconf 78' lang='lat' dir='ltr'>ree.</span> <span class='ocrx_word' id='word_1_131' title='bbox 91 861 250 893; x_wconf 75' lang='lat' dir='ltr'>Francisei</span> 
     </span>
     <span class='ocr_line' id='line_1_20' title="bbox 11 912 971 956; baseline -0.005 -8"><span class='ocrx_word' id='word_1_132' title='bbox 11 915 62 948; x_wconf 88' lang='lat' dir='ltr'>ob.</span> <span class='ocrx_word' id='word_1_133' title='bbox 86 914 144 947; x_wconf 79' lang='lat' dir='ltr'>ult.</span> <span class='ocrx_word' id='word_1_134' title='bbox 169 915 306 956; x_wconf 80' lang='lat' dir='ltr'>episcopi</span> <span class='ocrx_word' id='word_1_135' title='bbox 465 915 603 946; x_wconf 61' lang='lat' dir='ltr'>«Ioannes</span> <span class='ocrx_word' id='word_1_136' title='bbox 624 912 663 944; x_wconf 92' lang='lat' dir='ltr'>de</span> <span class='ocrx_word' id='word_1_137' title='bbox 685 913 971 952; x_wconf 75' lang='lat' dir='ltr'>Cremonensibusl)</span> 
     </span>
     <span class='ocr_line' id='line_1_21' title="bbox 11 965 807 1007; baseline -0.005 -7"><span class='ocrx_word' id='word_1_138' title='bbox 11 968 62 1000; x_wconf 90' lang='lat' dir='ltr'>ob.</span> <span class='ocrx_word' id='word_1_139' title='bbox 80 968 132 1000; x_wconf 86' lang='lat' dir='ltr'>Jo.</span> <span class='ocrx_word' id='word_1_140' title='bbox 147 968 187 999; x_wconf 89' lang='lat' dir='ltr'>de</span> <span class='ocrx_word' id='word_1_141' title='bbox 201 969 301 999; x_wconf 83' lang='lat' dir='ltr'>Crem.</span> <span class='ocrx_word' id='word_1_142' title='bbox 318 978 346 998; x_wconf 85' lang='lat' dir='ltr'>a.</span> <span class='ocrx_word' id='word_1_143' title='bbox 362 978 386 998; x_wconf 86' lang='lat' dir='ltr'>s.</span> <span class='ocrx_word' id='word_1_144' title='bbox 403 978 431 998; x_wconf 84' lang='lat' dir='ltr'>a.</span> <span class='ocrx_word' id='word_1_145' title='bbox 466 967 594 998; x_wconf 80' lang='lat' dir='ltr'>Gentilis</span> <span class='ocrx_word' id='word_1_146' title='bbox 615 965 654 996; x_wconf 88' lang='lat' dir='ltr'>de</span> <span class='ocrx_word' id='word_1_147' title='bbox 678 966 807 1007; x_wconf 86' lang='lat' dir='ltr'>Spoleto</span> 
     </span>
    </p>

    <p class='ocr_par' dir='ltr' id='par_1_16' title="bbox 11 1020 347 1061">
     <span class='ocr_line' id='line_1_22' title="bbox 11 1020 347 1061; baseline -0.009 -7"><span class='ocrx_word' id='word_1_148' title='bbox 11 1020 62 1054; x_wconf 88' lang='lat' dir='ltr'>ob.</span> <span class='ocrx_word' id='word_1_149' title='bbox 86 1021 221 1054; x_wconf 84' lang='lat' dir='ltr'>Gentilis</span> <span class='ocrx_word' id='word_1_150' title='bbox 243 1021 347 1061; x_wconf 85' lang='lat'>(1484)</span> 
     </span>
    </p>
   </div>
   <div class='ocr_carea' id='block_1_12' title="bbox 462 1019 1223 1059">
    <p class='ocr_par' dir='ltr' id='par_1_17' title="bbox 462 1019 1223 1059">
     <span class='ocr_line' id='line_1_23' title="bbox 462 1019 1223 1059; baseline 0 -9"><span class='ocrx_word' id='word_1_151' title='bbox 462 1020 645 1051; x_wconf 72' lang='lat' dir='ltr'>Franciscus</span> <span class='ocrx_word' id='word_1_152' title='bbox 669 1019 708 1050; x_wconf 88' lang='lat' dir='ltr'>de</span> <span class='ocrx_word' id='word_1_153' title='bbox 732 1019 912 1050; x_wconf 85' lang='lat' dir='ltr'>Macabenis</span> <span class='ocrx_word' id='word_1_154' title='bbox 938 1019 1223 1059; x_wconf 81' lang='lat' dir='ltr'>(Maseambruni)2)</span> 
     </span>
    </p>
   </div>
   <div class='ocr_carea' id='block_1_13' title="bbox 465 860 1903 902">
    <p class='ocr_par' dir='ltr' id='par_1_18' title="bbox 465 860 1903 902">
     <span class='ocr_line' id='line_1_24' title="bbox 465 860 1903 902; baseline 0.001 -10"><span class='ocrx_word' id='word_1_155' title='bbox 465 861 605 892; x_wconf 68' lang='lat' dir='ltr'>Salvator</span> <span class='ocrx_word' id='word_1_156' title='bbox 624 860 663 891; x_wconf 89' lang='lat' dir='ltr'>de</span> <span class='ocrx_word' id='word_1_157' title='bbox 686 860 864 897; x_wconf 82' lang='lat' dir='ltr'>Genazano,</span> <span class='ocrx_word' id='word_1_158' title='bbox 886 871 954 891; x_wconf 83' lang='lat' dir='ltr'>can.</span> <span class='ocrx_word' id='word_1_159' title='bbox 977 861 1034 902; x_wconf 86' lang='lat' dir='ltr'>ips.</span> <span class='ocrx_word' id='word_1_160' title='bbox 1056 861 1140 898; x_wconf 70' lang='grc'>0001,</span> <span class='ocrx_word' id='word_1_161' title='bbox 1162 860 1222 902; x_wconf 84' lang='lat' dir='ltr'>jur.</span> <span class='ocrx_word' id='word_1_162' title='bbox 1244 866 1305 892; x_wconf 84' lang='lat' dir='ltr'>utr.</span> <span class='ocrx_word' id='word_1_163' title='bbox 1327 861 1374 892; x_wconf 90' lang='lat' dir='ltr'>dr.</span> <span class='ocrx_word' id='word_1_164' title='bbox 1418 863 1490 892; x_wconf 88' lang='lat'>1451</span> <span class='ocrx_word' id='word_1_165' title='bbox 1524 862 1597 902; x_wconf 89' lang='lat' dir='ltr'>Apr.</span> <span class='ocrx_word' id='word_1_166' title='bbox 1631 864 1666 893; x_wconf 94' lang='lat'>14</span> <span class='ocrx_word' id='word_1_167' title='bbox 1698 863 1768 894; x_wconf 89' lang='lat' dir='ltr'>Obl.</span> <span class='ocrx_word' id='word_1_168' title='bbox 1793 864 1841 900; x_wconf 90' lang='lat'>72,</span> <span class='ocrx_word' id='word_1_169' title='bbox 1865 865 1903 893; x_wconf 91' lang='lat'>46</span> 
     </span>
    </p>
   </div>
   <div class='ocr_carea' id='block_1_14' title="bbox 1418 914 1903 1060">
    <p class='ocr_par' dir='ltr' id='par_1_19' title="bbox 1418 914 1903 1060">
     <span class='ocr_line' id='line_1_25' title="bbox 1419 914 1903 955; baseline 0.006 -11"><span class='ocrx_word' id='word_1_170' title='bbox 1419 914 1494 945; x_wconf 88' lang='grc'>1478</span> <span class='ocrx_word' id='word_1_171' title='bbox 1522 915 1600 955; x_wconf 85' lang='lat' dir='ltr'>Aug.</span> <span class='ocrx_word' id='word_1_172' title='bbox 1631 917 1666 946; x_wconf 90' lang='lat'>14</span> <span class='ocrx_word' id='word_1_173' title='bbox 1699 916 1768 947; x_wconf 94' lang='lat' dir='ltr'>Obl.</span> <span class='ocrx_word' id='word_1_174' title='bbox 1792 918 1841 953; x_wconf 88' lang='grc'>83,</span> <span class='ocrx_word' id='word_1_175' title='bbox 1864 918 1903 947; x_wconf 87' lang='grc'>55</span> 
     </span>
     <span class='ocr_line' id='line_1_26' title="bbox 1418 968 1903 1009; baseline 0.006 -12"><span class='ocrx_word' id='word_1_176' title='bbox 1418 968 1494 998; x_wconf 89' lang='grc'>1478</span> <span class='ocrx_word' id='word_1_177' title='bbox 1523 968 1608 1009; x_wconf 90' lang='lat' dir='ltr'>Sept.</span> <span class='ocrx_word' id='word_1_178' title='bbox 1636 970 1653 999; x_wconf 86' lang='lat'>9</span> <span class='ocrx_word' id='word_1_179' title='bbox 1699 969 1768 1000; x_wconf 94' lang='lat' dir='ltr'>Obl.</span> <span class='ocrx_word' id='word_1_180' title='bbox 1792 971 1841 1007; x_wconf 90' lang='lat'>83,</span> <span class='ocrx_word' id='word_1_181' title='bbox 1865 971 1903 1000; x_wconf 90' lang='lat'>56</span> 
     </span>
     <span class='ocr_line' id='line_1_27' title="bbox 1418 1021 1903 1060; baseline 0.006 -10"><span class='ocrx_word' id='word_1_182' title='bbox 1418 1022 1494 1051; x_wconf 90' lang='grc'>1484</span> <span class='ocrx_word' id='word_1_183' title='bbox 1526 1021 1595 1052; x_wconf 88' lang='lat' dir='ltr'>Oct.</span> <span class='ocrx_word' id='word_1_184' title='bbox 1631 1024 1666 1053; x_wconf 88' lang='lat'>13</span> <span class='ocrx_word' id='word_1_185' title='bbox 1699 1022 1769 1053; x_wconf 91' lang='lat' dir='ltr'>Obl.</span> <span class='ocrx_word' id='word_1_186' title='bbox 1793 1024 1842 1060; x_wconf 81' lang='lat'>83,</span> <span class='ocrx_word' id='word_1_187' title='bbox 1865 1024 1903 1053; x_wconf 85' lang='lat'>93</span> 
     </span>
    </p>
   </div>
   <div class='ocr_carea' id='block_1_15' title="bbox 16 1072 2050 1117">
    <p class='ocr_par' dir='ltr' id='par_1_20' title="bbox 16 1072 2050 1117">
     <span class='ocr_line' id='line_1_28' title="bbox 16 1072 2050 1117; baseline 0 -11"><span class='ocrx_word' id='word_1_188' title='bbox 16 1097 426 1106; x_wconf 88' lang='grc'><strong>..........</strong></span> <span class='ocrx_word' id='word_1_189' title='bbox 462 1073 675 1105; x_wconf 77' lang='lat' dir='ltr'>Fordinandus</span> <span class='ocrx_word' id='word_1_190' title='bbox 698 1072 749 1111; x_wconf 88' lang='lat' dir='ltr'>(de</span> <span class='ocrx_word' id='word_1_191' title='bbox 772 1072 940 1109; x_wconf 82' lang='lat' dir='ltr'>Lanciano,</span> <span class='ocrx_word' id='word_1_192' title='bbox 965 1073 984 1112; x_wconf 84' lang='lat'><strong>†</strong></span> <span class='ocrx_word' id='word_1_193' title='bbox 1006 1084 1054 1103; x_wconf 85' lang='lat' dir='ltr'>ex.</span> <span class='ocrx_word' id='word_1_194' title='bbox 1078 1083 1106 1103; x_wconf 88' lang='lat' dir='ltr'>a.</span> <span class='ocrx_word' id='word_1_195' title='bbox 1134 1074 1234 1112; x_wconf 90' lang='grc'>1515),</span> <span class='ocrx_word' id='word_1_196' title='bbox 1258 1073 1319 1104; x_wconf 91' lang='lat' dir='ltr'>obl.</span> <span class='ocrx_word' id='word_1_197' title='bbox 1344 1084 1375 1104; x_wconf 89' lang='lat' dir='ltr'>se</span> <span class='ocrx_word' id='word_1_198' title='bbox 1418 1074 1494 1104; x_wconf 87' lang='lat'>1502</span> <span class='ocrx_word' id='word_1_199' title='bbox 1524 1074 1598 1105; x_wconf 82' lang='lat' dir='ltr'>Maii</span> <span class='ocrx_word' id='word_1_200' title='bbox 1631 1076 1664 1105; x_wconf 94' lang='lat'>11</span> <span class='ocrx_word' id='word_1_201' title='bbox 1700 1075 1820 1106; x_wconf 86' lang='lat' dir='ltr'>Sehede</span> <span class='ocrx_word' id='word_1_202' title='bbox 1842 1076 1874 1106; x_wconf 91' lang='lat' dir='ltr'>di</span> <span class='ocrx_word' id='word_1_203' title='bbox 1899 1076 2050 1117; x_wconf 85' lang='lat' dir='ltr'>Garampi</span> 
     </span>
    </p>
   </div>
   <div class='ocr_carea' id='block_1_16' title="bbox 231 1155 2007 1200">
    <p class='ocr_par' dir='ltr' id='par_1_21' title="bbox 231 1155 2007 1200">
     <span class='ocr_line' id='line_1_29' title="bbox 231 1155 2007 1200; baseline -0.001 -8"><span class='ocrx_word' id='word_1_204' title='bbox 231 1156 471 1192; x_wconf 69' lang='lat' dir='ltr'>Anconitan.</span> <span class='ocrx_word' id='word_1_205' title='bbox 495 1155 690 1198; x_wconf 80' lang='lat' dir='ltr'>(Ancona)</span> <span class='ocrx_word' id='word_1_206' title='bbox 714 1157 748 1188; x_wconf 78' lang='lat' dir='ltr'>et</span> <span class='ocrx_word' id='word_1_207' title='bbox 771 1155 1041 1190; x_wconf 69' lang='lat' dir='ltr'>numanaten.</span> <span class='ocrx_word' id='word_1_208' title='bbox 1067 1155 1250 1198; x_wconf 81' lang='lat' dir='ltr'>(Umana)</span> <span class='ocrx_word' id='word_1_209' title='bbox 1274 1157 1308 1188; x_wconf 92' lang='lat' dir='ltr'>in</span> <span class='ocrx_word' id='word_1_210' title='bbox 1332 1158 1427 1189; x_wconf 86' lang='lat' dir='ltr'>Italia</span> <span class='ocrx_word' id='word_1_211' title='bbox 1450 1158 1567 1198; x_wconf 83' lang='lat' dir='ltr'>media,</span> <span class='ocrx_word' id='word_1_212' title='bbox 1591 1158 1722 1190; x_wconf 86' lang='lat' dir='ltr'><strong>immed.</strong></span> <span class='ocrx_word' id='word_1_213' title='bbox 1747 1158 1831 1199; x_wconf 87' lang='lat' dir='ltr'>subj.</span> <span class='ocrx_word' id='word_1_214' title='bbox 1856 1159 1938 1200; x_wconf 82' lang='lat'>(520</span> <span class='ocrx_word' id='word_1_215' title='bbox 1959 1158 2007 1199; x_wconf 89' lang='lat' dir='ltr'>fl.)</span> 
     </span>
    </p>
   </div>
   <div class='ocr_carea' id='block_1_17' title="bbox 13 1224 410 1371">
    <p class='ocr_par' dir='ltr' id='par_1_22' title="bbox 13 1224 410 1371">
     <span class='ocr_line' id='line_1_30' title="bbox 13 1224 239 1265; baseline -0.004 -9"><span class='ocrx_word' id='word_1_216' title='bbox 13 1228 53 1256; x_wconf 82' lang='lat' dir='ltr'>tr.</span> <span class='ocrx_word' id='word_1_217' title='bbox 75 1224 239 1265; x_wconf 75' lang='lat' dir='ltr'>Astorgiil)</span> 
     </span>
     <span class='ocr_line' id='line_1_31' title="bbox 13 1277 348 1316; baseline -0.003 -8"><span class='ocrx_word' id='word_1_218' title='bbox 13 1277 64 1309; x_wconf 92' lang='lat' dir='ltr'>ob.</span> <span class='ocrx_word' id='word_1_219' title='bbox 89 1277 222 1308; x_wconf 76' lang='lat' dir='ltr'>Joannis</span> <span class='ocrx_word' id='word_1_220' title='bbox 245 1277 348 1316; x_wconf 92' lang='grc'>(1460)</span> 
     </span>
     <span class='ocr_line' id='line_1_32' title="bbox 14 1329 410 1371; baseline -0.008 -9"><span class='ocrx_word' id='word_1_221' title='bbox 14 1331 67 1371; x_wconf 83' lang='lat' dir='ltr'>(tr.</span> <span class='ocrx_word' id='word_1_222' title='bbox 92 1330 151 1371; x_wconf 86' lang='lat' dir='ltr'>Ag.</span> <span class='ocrx_word' id='word_1_223' title='bbox 176 1329 218 1361; x_wconf 71' lang='lat' dir='ltr'>ad</span> <span class='ocrx_word' id='word_1_224' title='bbox 242 1329 410 1368; x_wconf 77' lang='lat' dir='ltr'>Camerin.)</span> 
     </span>
    </p>
   </div>
   <div class='ocr_carea' id='block_1_18' title="bbox 13 1436 306 1477">
    <p class='ocr_par' dir='ltr' id='par_1_23' title="bbox 13 1436 306 1477">
     <span class='ocr_line' id='line_1_33' title="bbox 13 1436 306 1477; baseline -0.007 -9"><span class='ocrx_word' id='word_1_225' title='bbox 13 1436 65 1468; x_wconf 86' lang='lat' dir='ltr'>ob.</span> <span class='ocrx_word' id='word_1_226' title='bbox 88 1436 306 1477; x_wconf 78' lang='lat' dir='ltr'>(Benincasae)</span> 
     </span>
    </p>
   </div>
   <div class='ocr_carea' id='block_1_19' title="bbox 464 1222 1230 1315">
    <p class='ocr_par' dir='ltr' id='par_1_24' title="bbox 464 1222 1230 1315">
     <span class='ocr_line' id='line_1_34' title="bbox 466 1222 1107 1264; baseline 0 -11"><span class='ocrx_word' id='word_1_227' title='bbox 466 1223 604 1254; x_wconf 80' lang='lat' dir='ltr'>Joannes</span> <span class='ocrx_word' id='word_1_228' title='bbox 628 1222 822 1262; x_wconf 79' lang='lat' dir='ltr'>(Caffarelli),</span> <span class='ocrx_word' id='word_1_229' title='bbox 846 1234 894 1264; x_wconf 93' lang='lat' dir='ltr'>ep.</span> <span class='ocrx_word' id='word_1_230' title='bbox 920 1223 1107 1254; x_wconf 79' lang='lat' dir='ltr'>Foroh&#39;vien.</span> 
     </span>
     <span class='ocr_line' id='line_1_35' title="bbox 464 1275 1230 1315; baseline 0.001 -9"><span class='ocrx_word' id='word_1_231' title='bbox 464 1276 616 1311; x_wconf 79' lang='lat' dir='ltr'>Agapitus</span> <span class='ocrx_word' id='word_1_232' title='bbox 641 1275 935 1315; x_wconf 87' lang='lat' dir='ltr'>(Rustici-Cenci),2)</span> <span class='ocrx_word' id='word_1_233' title='bbox 960 1276 1111 1307; x_wconf 83' lang='lat' dir='ltr'>referend.</span> <span class='ocrx_word' id='word_1_234' title='bbox 1140 1276 1170 1307; x_wconf 87' lang='lat' dir='ltr'>S.</span> <span class='ocrx_word' id='word_1_235' title='bbox 1196 1277 1230 1307; x_wconf 90' lang='lat' dir='ltr'>P.</span> 
     </span>
    </p>
   </div>
   <div class='ocr_carea' id='block_1_20' title="bbox 13 1329 1904 1424">
    <p class='ocr_par' dir='ltr' id='par_1_25' title="bbox 13 1329 1904 1424">
     <span class='ocr_line' id='line_1_36' title="bbox 466 1329 1904 1369; baseline 0.002 -10"><span class='ocrx_word' id='word_1_236' title='bbox 466 1329 527 1367; x_wconf 86' lang='lat' dir='ltr'>(B.)</span> <span class='ocrx_word' id='word_1_237' title='bbox 560 1329 718 1360; x_wconf 86' lang='lat' dir='ltr'>Antonius</span> <span class='ocrx_word' id='word_1_238' title='bbox 751 1331 811 1369; x_wconf 91' lang='lat' dir='ltr'>(ep.</span> <span class='ocrx_word' id='word_1_239' title='bbox 846 1329 1018 1369; x_wconf 87' lang='lat' dir='ltr'>Aprutin.),</span> <span class='ocrx_word' id='word_1_240' title='bbox 1052 1329 1130 1360; x_wconf 87' lang='lat' dir='ltr'>solv.</span> <span class='ocrx_word' id='word_1_241' title='bbox 1156 1340 1236 1360; x_wconf 85' lang='lat' dir='ltr'>serv.</span> <span class='ocrx_word' id='word_1_242' title='bbox 1263 1340 1375 1360; x_wconf 90' lang='lat' dir='ltr'>comm.</span> <span class='ocrx_word' id='word_1_243' title='bbox 1420 1331 1496 1361; x_wconf 86' lang='lat'>1463</span> <span class='ocrx_word' id='word_1_244' title='bbox 1522 1331 1603 1362; x_wconf 87' lang='lat' dir='ltr'>Nov.</span> <span class='ocrx_word' id='word_1_245' title='bbox 1630 1332 1648 1361; x_wconf 93' lang='lat'>3</span> <span class='ocrx_word' id='word_1_246' title='bbox 1701 1331 1770 1362; x_wconf 89' lang='lat' dir='ltr'>Obl.</span> <span class='ocrx_word' id='word_1_247' title='bbox 1795 1331 1843 1368; x_wconf 90' lang='lat'>79,</span> <span class='ocrx_word' id='word_1_248' title='bbox 1867 1331 1904 1362; x_wconf 87' lang='grc'>57</span> 
     </span>
     <span class='ocr_line' id='line_1_37' title="bbox 13 1381 1292 1424; baseline -0.002 -9"><span class='ocrx_word' id='word_1_249' title='bbox 13 1383 64 1415; x_wconf 92' lang='lat' dir='ltr'>ob.</span> <span class='ocrx_word' id='word_1_250' title='bbox 84 1383 160 1415; x_wconf 79' lang='lat' dir='ltr'>Ant.</span> <span class='ocrx_word' id='word_1_251' title='bbox 180 1383 272 1424; x_wconf 85' lang='lat'>(1484</span> <span class='ocrx_word' id='word_1_252' title='bbox 292 1383 364 1414; x_wconf 81' lang='lat' dir='ltr'>Jan.</span> <span class='ocrx_word' id='word_1_253' title='bbox 385 1383 416 1421; x_wconf 89' lang='lat'>9)</span> <span class='ocrx_word' id='word_1_254' title='bbox 464 1382 639 1413; x_wconf 82' lang='lat' dir='ltr'>Benincasa</span> <span class='ocrx_word' id='word_1_255' title='bbox 663 1382 702 1412; x_wconf 89' lang='lat' dir='ltr'>de</span> <span class='ocrx_word' id='word_1_256' title='bbox 729 1381 919 1419; x_wconf 82' lang='lat' dir='ltr'>Benincasis,</span> <span class='ocrx_word' id='word_1_257' title='bbox 946 1382 1074 1413; x_wconf 84' lang='lat' dir='ltr'>abbrev.</span> <span class='ocrx_word' id='word_1_258' title='bbox 1101 1382 1163 1413; x_wconf 85' lang='lat' dir='ltr'>litt.</span> <span class='ocrx_word' id='word_1_259' title='bbox 1190 1386 1292 1423; x_wconf 85' lang='lat' dir='ltr'>apost.</span> 
     </span>
    </p>
   </div>
   <div class='ocr_carea' id='block_1_21' title="bbox 466 1434 2029 1476">
    <p class='ocr_par' dir='ltr' id='par_1_26' title="bbox 466 1434 2029 1476">
     <span class='ocr_line' id='line_1_38' title="bbox 466 1434 2029 1476; baseline 0.001 -10"><span class='ocrx_word' id='word_1_260' title='bbox 466 1435 605 1467; x_wconf 75' lang='lat' dir='ltr'>Joannes</span> <span class='ocrx_word' id='word_1_261' title='bbox 623 1434 759 1474; x_wconf 84' lang='lat' dir='ltr'>(Sacca),</span> <span class='ocrx_word' id='word_1_262' title='bbox 778 1446 846 1476; x_wconf 85' lang='lat' dir='ltr'>aep.</span> <span class='ocrx_word' id='word_1_263' title='bbox 866 1435 1017 1475; x_wconf 82' lang='lat' dir='ltr'>Ragusin.</span> <span class='ocrx_word' id='word_1_264' title='bbox 1038 1435 1069 1475; x_wconf 87' lang='lat'>(†</span> <span class='ocrx_word' id='word_1_265' title='bbox 1089 1436 1189 1475; x_wconf 84' lang='lat'>1505),</span> <span class='ocrx_word' id='word_1_266' title='bbox 1209 1436 1243 1466; x_wconf 74' lang='lat' dir='ltr'>in</span> <span class='ocrx_word' id='word_1_267' title='bbox 1260 1435 1376 1467; x_wconf 77' lang='lat' dir='ltr'>admin.</span> <span class='ocrx_word' id='word_1_268' title='bbox 1421 1437 1496 1467; x_wconf 88' lang='lat'>1502</span> <span class='ocrx_word' id='word_1_269' title='bbox 1526 1437 1602 1468; x_wconf 91' lang='lat' dir='ltr'>Julii</span> <span class='ocrx_word' id='word_1_270' title='bbox 1634 1438 1669 1467; x_wconf 89' lang='lat'>15</span> <span class='ocrx_word' id='word_1_271' title='bbox 1703 1437 1753 1468; x_wconf 84' lang='lat' dir='ltr'>AC</span> <span class='ocrx_word' id='word_1_272' title='bbox 1776 1437 1896 1468; x_wconf 87' lang='lat' dir='ltr'>Camer.</span> <span class='ocrx_word' id='word_1_273' title='bbox 1921 1437 1946 1474; x_wconf 92' lang='lat' dir='ltr'>I,</span> <span class='ocrx_word' id='word_1_274' title='bbox 1972 1438 2029 1468; x_wconf 89' lang='lat'>110</span> 
     </span>
    </p>
   </div>
   <div class='ocr_carea' id='block_1_22' title="bbox 1420 1224 2226 1320">
    <p class='ocr_par' dir='ltr' id='par_1_27' title="bbox 1420 1224 2226 1320">
     <span class='ocr_line' id='line_1_39' title="bbox 1420 1224 1905 1262; baseline 0.002 -8"><span class='ocrx_word' id='word_1_275' title='bbox 1420 1224 1495 1255; x_wconf 86' lang='lat'>1437</span> <span class='ocrx_word' id='word_1_276' title='bbox 1523 1224 1612 1255; x_wconf 85' lang='lat' dir='ltr'>Febr.</span> <span class='ocrx_word' id='word_1_277' title='bbox 1644 1226 1679 1255; x_wconf 89' lang='lat'>18</span> <span class='ocrx_word' id='word_1_278' title='bbox 1701 1225 1770 1256; x_wconf 93' lang='lat' dir='ltr'>Obl.</span> <span class='ocrx_word' id='word_1_279' title='bbox 1794 1226 1843 1262; x_wconf 88' lang='grc'>66,</span> <span class='ocrx_word' id='word_1_280' title='bbox 1866 1226 1905 1256; x_wconf 89' lang='grc'>32</span> 
     </span>
     <span class='ocr_line' id='line_1_40' title="bbox 1420 1278 2226 1320; baseline 0.004 -13"><span class='ocrx_word' id='word_1_281' title='bbox 1420 1278 1497 1307; x_wconf 90' lang='grc'>1460</span> <span class='ocrx_word' id='word_1_282' title='bbox 1525 1279 1599 1318; x_wconf 85' lang='lat' dir='ltr'>Apr.</span> <span class='ocrx_word' id='word_1_283' title='bbox 1632 1279 1667 1308; x_wconf 92' lang='lat'>16</span> <span class='ocrx_word' id='word_1_284' title='bbox 1700 1278 1746 1308; x_wconf 89' lang='lat' dir='ltr'>Pii</span> <span class='ocrx_word' id='word_1_285' title='bbox 1772 1278 1804 1308; x_wconf 89' lang='lat' dir='ltr'>II</span> <span class='ocrx_word' id='word_1_286' title='bbox 1830 1289 1858 1309; x_wconf 83' lang='lat' dir='ltr'>a.</span> <span class='ocrx_word' id='word_1_287' title='bbox 1884 1279 1902 1308; x_wconf 94' lang='grc'>2</span> <span class='ocrx_word' id='word_1_288' title='bbox 1927 1278 1998 1309; x_wconf 86' lang='lat' dir='ltr'>Lat.</span> <span class='ocrx_word' id='word_1_289' title='bbox 2024 1278 2043 1310; x_wconf 92' lang='lat' dir='ltr'>l.</span> <span class='ocrx_word' id='word_1_290' title='bbox 2069 1289 2115 1320; x_wconf 91' lang='lat' dir='ltr'>pr.</span> <span class='ocrx_word' id='word_1_291' title='bbox 2141 1278 2162 1310; x_wconf 72' lang='lat' dir='ltr'>s.</span> <span class='ocrx_word' id='word_1_292' title='bbox 2188 1278 2226 1309; x_wconf 90' lang='lat'>76</span> 
     </span>
    </p>
   </div>
   <div class='ocr_carea' id='block_1_23' title="bbox 1420 1384 1905 1421">
    <p class='ocr_par' dir='ltr' id='par_1_28' title="bbox 1420 1384 1905 1421">
     <span class='ocr_line' id='line_1_41' title="bbox 1420 1384 1905 1421; baseline 0.002 -8"><span class='ocrx_word' id='word_1_293' title='bbox 1420 1385 1497 1414; x_wconf 89' lang='lat'>1484</span> <span class='ocrx_word' id='word_1_294' title='bbox 1529 1384 1598 1415; x_wconf 86' lang='lat' dir='ltr'>Oct.</span> <span class='ocrx_word' id='word_1_295' title='bbox 1630 1385 1648 1414; x_wconf 91' lang='lat'>5</span> <span class='ocrx_word' id='word_1_296' title='bbox 1701 1384 1771 1415; x_wconf 83' lang='lat' dir='ltr'>Obl.</span> <span class='ocrx_word' id='word_1_297' title='bbox 1794 1385 1843 1421; x_wconf 84' lang='lat'>83,</span> <span class='ocrx_word' id='word_1_298' title='bbox 1867 1385 1905 1414; x_wconf 91' lang='lat'>93</span> 
     </span>
    </p>
   </div>
   <div class='ocr_carea' id='block_1_24' title="bbox 533 1517 1708 1562">
    <p class='ocr_par' dir='ltr' id='par_1_29' title="bbox 533 1517 1708 1562">
     <span class='ocr_line' id='line_1_42' title="bbox 533 1517 1708 1562; baseline 0 -10"><span class='ocrx_word' id='word_1_299' title='bbox 533 1517 804 1562; x_wconf 71' lang='lat' dir='ltr'>Andagaven.</span> <span class='ocrx_word' id='word_1_300' title='bbox 830 1520 1008 1562; x_wconf 81' lang='lat' dir='ltr'>(Angers)</span> <span class='ocrx_word' id='word_1_301' title='bbox 1032 1519 1066 1550; x_wconf 92' lang='lat' dir='ltr'>in</span> <span class='ocrx_word' id='word_1_302' title='bbox 1091 1518 1207 1557; x_wconf 85' lang='lat' dir='ltr'>Gallia,</span> <span class='ocrx_word' id='word_1_303' title='bbox 1232 1519 1321 1550; x_wconf 86' lang='lat' dir='ltr'>suffr.</span> <span class='ocrx_word' id='word_1_304' title='bbox 1346 1519 1511 1552; x_wconf 91' lang='lat' dir='ltr'>Turonen.</span> <span class='ocrx_word' id='word_1_305' title='bbox 1535 1521 1637 1559; x_wconf 88' lang='lat'>(1700</span> <span class='ocrx_word' id='word_1_306' title='bbox 1660 1520 1708 1560; x_wconf 89' lang='lat' dir='ltr'>fl.)</span> 
     </span>
    </p>
   </div>
   <div class='ocr_carea' id='block_1_25' title="bbox 14 1586 303 1736">
    <p class='ocr_par' dir='ltr' id='par_1_30' title="bbox 14 1586 303 1736">
     <span class='ocr_line' id='line_1_43' title="bbox 14 1586 280 1627; baseline -0.008 -8"><span class='ocrx_word' id='word_1_307' title='bbox 14 1587 65 1620; x_wconf 88' lang='lat' dir='ltr'>ob.</span> <span class='ocrx_word' id='word_1_308' title='bbox 87 1586 280 1627; x_wconf 78' lang='lat' dir='ltr'>Hardoyni1)</span> 
     </span>
     <span class='ocr_line' id='line_1_44' title="bbox 14 1639 303 1680; baseline -0.003 -8"><span class='ocrx_word' id='word_1_309' title='bbox 14 1651 79 1672; x_wconf 82' lang='lat' dir='ltr'>ren.</span> <span class='ocrx_word' id='word_1_310' title='bbox 102 1639 303 1680; x_wconf 80' lang='lat' dir='ltr'>(Guilelmi)³)</span> 
     </span>
     <span class='ocr_line' id='line_1_45' title="bbox 15 1692 279 1736; baseline -0.004 -11"><span class='ocrx_word' id='word_1_311' title='bbox 15 1693 95 1736; x_wconf 81' lang='lat' dir='ltr'>priv.</span> <span class='ocrx_word' id='word_1_312' title='bbox 119 1692 279 1732; x_wconf 80' lang='lat' dir='ltr'>Joannis⁵)</span> 
     </span>
    </p>
   </div>
   <div class='ocr_carea' id='block_1_26' title="bbox 18 1740 435 1844">
    <p class='ocr_par' dir='ltr' id='par_1_31' title="bbox 18 1740 435 1844">
     <span class='ocr_line' id='line_1_46' title="bbox 18 1740 435 1844; baseline -0.005 -40"><span class='ocrx_word' id='word_1_313' title='bbox 18 1771 70 1804; x_wconf 91' lang='lat' dir='ltr'>ob.</span> <span class='ocrx_word' id='word_1_314' title='bbox 91 1772 176 1804; x_wconf 77' lang='lat' dir='ltr'>card.</span> <span class='ocrx_word' id='word_1_315' title='bbox 199 1772 362 1813; x_wconf 81' lang='lat' dir='ltr'>Andegav.</span> <span class='ocrx_word' id='word_1_316' title='bbox 421 1740 435 1844; x_wconf 49' lang='grc' dir='ltr'><strong>ἶ</strong></span> 
     </span>
    </p>
   </div>
   <div class='ocr_carea' id='block_1_27' title="bbox 469 1691 1054 1732">
    <p class='ocr_par' dir='ltr' id='par_1_32' title="bbox 469 1691 1054 1732">
     <span class='ocr_line' id='line_1_47' title="bbox 469 1691 1054 1732; baseline -0.003 -8"><span class='ocrx_word' id='word_1_317' title='bbox 469 1693 608 1724; x_wconf 74' lang='lat' dir='ltr'>Joannes</span> <span class='ocrx_word' id='word_1_318' title='bbox 631 1691 766 1731; x_wconf 84' lang='lat' dir='ltr'>(Balue),</span> <span class='ocrx_word' id='word_1_319' title='bbox 789 1702 836 1732; x_wconf 88' lang='lat' dir='ltr'>ep.</span> <span class='ocrx_word' id='word_1_320' title='bbox 862 1691 1054 1730; x_wconf 83' lang='lat' dir='ltr'>Ebroicen.⁸)</span> 
     </span>
    </p>
   </div>
   <div class='ocr_carea' id='block_1_28' title="bbox 16 1851 254 1890">
    <p class='ocr_par' dir='ltr' id='par_1_33' title="bbox 16 1851 254 1890">
     <span class='ocr_line' id='line_1_48' title="bbox 16 1851 254 1890; baseline -0.004 -7"><span class='ocrx_word' id='word_1_321' title='bbox 16 1851 67 1883; x_wconf 92' lang='lat' dir='ltr'>ob.</span> <span class='ocrx_word' id='word_1_322' title='bbox 93 1851 114 1883; x_wconf 89' lang='lat' dir='ltr'><strong>J</strong></span> <span class='ocrx_word' id='word_1_323' title='bbox 115 1851 254 1890; x_wconf 77' lang='lat' dir='ltr'>oannis7)</span> 
     </span>
    </p>
   </div>
   <div class='ocr_carea' id='block_1_29' title="bbox 15 1948 1072 2776">
    <p class='ocr_par' dir='ltr' id='par_1_34' title="bbox 15 1948 1072 2776">
     <span class='ocr_line' id='line_1_49' title="bbox 458 1948 614 1978; baseline 0.006 -4"><span class='ocrx_word' id='word_1_324' title='bbox 458 1948 614 1978; x_wconf 72' lang='lat' dir='ltr'>Amnurien.</span> 
     </span>
     <span class='ocr_line' id='line_1_50' title="bbox 83 1991 833 2026; baseline 0 -9"><span class='ocrx_word' id='word_1_325' title='bbox 83 1991 104 2024; x_wconf 86' lang='lat'>¹)</span> <span class='ocrx_word' id='word_1_326' title='bbox 123 1991 154 2018; x_wconf 82' lang='lat' dir='ltr'>L.</span> <span class='ocrx_word' id='word_1_327' title='bbox 176 2000 199 2018; x_wconf 87' lang='grc'>0.</span> <span class='ocrx_word' id='word_1_328' title='bbox 221 2000 321 2017; x_wconf 87' lang='lat' dir='ltr'>nomen</span> <span class='ocrx_word' id='word_1_329' title='bbox 342 1992 516 2025; x_wconf 77' lang='lat' dir='ltr'>episcopatus</span> <span class='ocrx_word' id='word_1_330' title='bbox 537 1992 646 2025; x_wconf 83' lang='lat' dir='ltr'>legitur:</span> <span class='ocrx_word' id='word_1_331' title='bbox 671 1992 833 2026; x_wconf 86' lang='lat' dir='ltr'>Empudien.</span> 
     </span>
     <span class='ocr_line' id='line_1_51' title="bbox 85 2035 492 2068; baseline -0.002 -6"><span class='ocrx_word' id='word_1_332' title='bbox 85 2036 108 2068; x_wconf 81' lang='lat'>²)</span> <span class='ocrx_word' id='word_1_333' title='bbox 127 2036 208 2062; x_wconf 65' lang='lat' dir='ltr'>Bacc.</span> <span class='ocrx_word' id='word_1_334' title='bbox 228 2036 256 2061; x_wconf 89' lang='lat' dir='ltr'>in</span> <span class='ocrx_word' id='word_1_335' title='bbox 275 2035 368 2066; x_wconf 66' lang='lat' dir='ltr'>theol„</span> <span class='ocrx_word' id='word_1_336' title='bbox 387 2036 492 2061; x_wconf 85' lang='lat' dir='ltr'>nobilis.</span> 
     </span>
     <span class='ocr_line' id='line_1_52' title="bbox 83 2079 1067 2113; baseline -0.001 -7"><span class='ocrx_word' id='word_1_337' title='bbox 83 2080 106 2112; x_wconf 71' lang='grc' dir='ltr'>ι)</span> <span class='ocrx_word' id='word_1_338' title='bbox 125 2080 247 2106; x_wconf 77' lang='lat' dir='ltr'>Ultimus</span> <span class='ocrx_word' id='word_1_339' title='bbox 271 2088 314 2113; x_wconf 86' lang='lat' dir='ltr'>ep.</span> <span class='ocrx_word' id='word_1_340' title='bbox 341 2079 513 2113; x_wconf 86' lang='lat' dir='ltr'>Ampurien.;</span> <span class='ocrx_word' id='word_1_341' title='bbox 540 2088 604 2105; x_wconf 83' lang='lat' dir='ltr'>nam</span> <span class='ocrx_word' id='word_1_342' title='bbox 630 2082 647 2105; x_wconf 90' lang='lat'>5</span> <span class='ocrx_word' id='word_1_343' title='bbox 676 2080 741 2106; x_wconf 82' lang='lat' dir='ltr'>Jun.</span> <span class='ocrx_word' id='word_1_344' title='bbox 771 2081 838 2106; x_wconf 83' lang='lat'>1506</span> <span class='ocrx_word' id='word_1_345' title='bbox 863 2080 925 2106; x_wconf 87' lang='grc'>0001.</span> <span class='ocrx_word' id='word_1_346' title='bbox 954 2080 1067 2113; x_wconf 88' lang='lat' dir='ltr'>Ampur.</span> 
     </span>
     <span class='ocr_line' id='line_1_53' title="bbox 15 2124 365 2151; baseline -0.006 0"><span class='ocrx_word' id='word_1_347' title='bbox 15 2132 79 2151; x_wconf 83' lang='lat' dir='ltr'>cum</span> <span class='ocrx_word' id='word_1_348' title='bbox 96 2124 243 2151; x_wconf 67' lang='lat' dir='ltr'>civitaten.</span> <span class='ocrx_word' id='word_1_349' title='bbox 264 2124 365 2150; x_wconf 88' lang='lat' dir='ltr'>unitur.</span> 
     </span>
     <span class='ocr_line' id='line_1_54' title="bbox 472 2169 611 2198; baseline 0 -3"><span class='ocrx_word' id='word_1_350' title='bbox 472 2169 611 2198; x_wconf 75' lang='lat' dir='ltr'>Amyclon.</span> 
     </span>
     <span class='ocr_line' id='line_1_55' title="bbox 84 2212 1068 2246; baseline -0.001 -7"><span class='ocrx_word' id='word_1_351' title='bbox 84 2212 106 2245; x_wconf 87' lang='grc' dir='ltr'>ι)</span> <span class='ocrx_word' id='word_1_352' title='bbox 129 2212 184 2239; x_wconf 85' lang='lat' dir='ltr'>Ubi</span> <span class='ocrx_word' id='word_1_353' title='bbox 208 2215 301 2238; x_wconf 80' lang='lat' dir='ltr'>tamen</span> <span class='ocrx_word' id='word_1_354' title='bbox 326 2212 517 2243; x_wconf 77' lang='lat' dir='ltr'>‚‚Anaficlen.“</span> <span class='ocrx_word' id='word_1_355' title='bbox 540 2212 583 2237; x_wconf 91' lang='lat' dir='ltr'>vel</span> <span class='ocrx_word' id='word_1_356' title='bbox 608 2212 791 2242; x_wconf 81' lang='lat' dir='ltr'>‚‚Amficlen.“</span> <span class='ocrx_word' id='word_1_357' title='bbox 815 2221 864 2246; x_wconf 90' lang='lat' dir='ltr'>pro</span> <span class='ocrx_word' id='word_1_358' title='bbox 889 2212 1068 2246; x_wconf 78' lang='lat' dir='ltr'>‚‚Amy01en.“</span> 
     </span>
     <span class='ocr_line' id='line_1_56' title="bbox 17 2257 233 2292; baseline -0.009 -8"><span class='ocrx_word' id='word_1_359' title='bbox 17 2257 110 2292; x_wconf 65' lang='lat' dir='ltr'>potius</span> <span class='ocrx_word' id='word_1_360' title='bbox 127 2257 233 2291; x_wconf 82' lang='lat' dir='ltr'>legitur.</span> 
     </span>
     <span class='ocr_line' id='line_1_57' title="bbox 471 2301 608 2332; baseline 0 -4"><span class='ocrx_word' id='word_1_361' title='bbox 471 2301 608 2332; x_wconf 73' lang='lat' dir='ltr'>Anagnia.</span> 
     </span>
     <span class='ocr_line' id='line_1_58' title="bbox 85 2345 1068 2379; baseline -0.001 -8"><span class='ocrx_word' id='word_1_362' title='bbox 85 2345 107 2377; x_wconf 79' lang='grc' dir='ltr'>ι)</span> <span class='ocrx_word' id='word_1_363' title='bbox 124 2345 304 2371; x_wconf 73' lang='lat' dir='ltr'>Desidemtur</span> <span class='ocrx_word' id='word_1_364' title='bbox 321 2345 394 2379; x_wconf 77' lang='lat' dir='ltr'>apud</span> <span class='ocrx_word' id='word_1_365' title='bbox 412 2345 493 2370; x_wconf 72' lang='lat' dir='ltr'><em>Gaww</em></span> <span class='ocrx_word' id='word_1_366' title='bbox 507 2353 532 2378; x_wconf 79' lang='lat' dir='ltr'>p.</span> <span class='ocrx_word' id='word_1_367' title='bbox 546 2345 607 2374; x_wconf 85' lang='lat'>663,</span> <span class='ocrx_word' id='word_1_368' title='bbox 619 2353 671 2370; x_wconf 85' lang='lat' dir='ltr'>sec.</span> <span class='ocrx_word' id='word_1_369' title='bbox 688 2353 770 2378; x_wconf 88' lang='lat' dir='ltr'>quem</span> <span class='ocrx_word' id='word_1_370' title='bbox 785 2345 912 2370; x_wconf 79' lang='lat' dir='ltr'>Salvator</span> <span class='ocrx_word' id='word_1_371' title='bbox 923 2345 939 2377; x_wconf 84' lang='lat'><em>†</em></span> <span class='ocrx_word' id='word_1_372' title='bbox 953 2354 977 2370; x_wconf 82' lang='lat' dir='ltr'>a.</span> <span class='ocrx_word' id='word_1_373' title='bbox 994 2345 1068 2370; x_wconf 82' lang='lat'>1480.</span> 
     </span>
     <span class='ocr_line' id='line_1_59' title="bbox 86 2389 674 2421; baseline -0.002 -6"><span class='ocrx_word' id='word_1_374' title='bbox 86 2389 110 2421; x_wconf 88' lang='lat'>¹)</span> <span class='ocrx_word' id='word_1_375' title='bbox 128 2389 206 2415; x_wconf 88' lang='lat' dir='ltr'>Prior</span> <span class='ocrx_word' id='word_1_376' title='bbox 224 2389 287 2415; x_wconf 87' lang='lat' dir='ltr'>eccl.</span> <span class='ocrx_word' id='word_1_377' title='bbox 307 2389 459 2419; x_wconf 60' lang='lat' dir='ltr'>Tudernin„</span> <span class='ocrx_word' id='word_1_378' title='bbox 479 2389 549 2414; x_wconf 83' lang='lat' dir='ltr'>decr.</span> <span class='ocrx_word' id='word_1_379' title='bbox 570 2389 674 2414; x_wconf 83' lang='lat' dir='ltr'>doctor.</span> 
     </span>
     <span class='ocr_line' id='line_1_60' title="bbox 462 2434 624 2460; baseline 0 0"><span class='ocrx_word' id='word_1_380' title='bbox 462 2434 624 2460; x_wconf 79' lang='lat' dir='ltr'>Anconitan.</span> 
     </span>
     <span class='ocr_line' id='line_1_61' title="bbox 87 2476 1068 2510; baseline -0.001 -7"><span class='ocrx_word' id='word_1_381' title='bbox 87 2476 109 2509; x_wconf 82' lang='lat'>¹)</span> <span class='ocrx_word' id='word_1_382' title='bbox 127 2476 171 2503; x_wconf 84' lang='lat' dir='ltr'>Ad</span> <span class='ocrx_word' id='word_1_383' title='bbox 197 2477 261 2503; x_wconf 85' lang='lat' dir='ltr'>eccl.</span> <span class='ocrx_word' id='word_1_384' title='bbox 290 2477 488 2507; x_wconf 81' lang='lat' dir='ltr'>Beneventan.‚</span> <span class='ocrx_word' id='word_1_385' title='bbox 518 2477 626 2503; x_wconf 77' lang='grc' dir='ltr'>ι10311110</span> <span class='ocrx_word' id='word_1_386' title='bbox 654 2477 698 2507; x_wconf 83' lang='lat' dir='ltr'>(de</span> <span class='ocrx_word' id='word_1_387' title='bbox 726 2477 861 2508; x_wconf 83' lang='lat' dir='ltr'><strong>Dominis)</strong></span> <span class='ocrx_word' id='word_1_388' title='bbox 889 2486 930 2510; x_wconf 87' lang='lat' dir='ltr'>ep.</span> <span class='ocrx_word' id='word_1_389' title='bbox 961 2477 1068 2510; x_wconf 84' lang='lat' dir='ltr'>Signen.</span> 
     </span>
     <span class='ocr_line' id='line_1_62' title="bbox 18 2520 1071 2554; baseline -0.001 -7"><span class='ocrx_word' id='word_1_390' title='bbox 18 2520 54 2548; x_wconf 73' lang='lat' dir='ltr'>nd</span> <span class='ocrx_word' id='word_1_391' title='bbox 66 2520 131 2547; x_wconf 75' lang='lat'>0001.</span> <span class='ocrx_word' id='word_1_392' title='bbox 146 2521 251 2547; x_wconf 80' lang='lat' dir='ltr'>Ancon.</span> <span class='ocrx_word' id='word_1_393' title='bbox 266 2521 311 2547; x_wconf 83' lang='lat' dir='ltr'>die</span> <span class='ocrx_word' id='word_1_394' title='bbox 325 2522 342 2547; x_wconf 83' lang='lat'>4</span> <span class='ocrx_word' id='word_1_395' title='bbox 357 2522 434 2548; x_wconf 79' lang='lat' dir='ltr'>Junii</span> <span class='ocrx_word' id='word_1_396' title='bbox 452 2522 519 2547; x_wconf 88' lang='grc'>1436</span> <span class='ocrx_word' id='word_1_397' title='bbox 533 2522 668 2547; x_wconf 81' lang='lat' dir='ltr'>translato</span> <span class='ocrx_word' id='word_1_398' title='bbox 683 2521 755 2551; x_wconf 84' lang='lat' dir='ltr'>(Obl.</span> <span class='ocrx_word' id='word_1_399' title='bbox 772 2522 814 2550; x_wconf 87' lang='grc'>66,</span> <span class='ocrx_word' id='word_1_400' title='bbox 829 2522 883 2552; x_wconf 87' lang='grc'>27).</span> <span class='ocrx_word' id='word_1_401' title='bbox 899 2522 945 2554; x_wconf 91' lang='lat' dir='ltr'>qui</span> <span class='ocrx_word' id='word_1_402' title='bbox 960 2521 1071 2554; x_wconf 87' lang='lat' dir='ltr'>quidem</span> 
     </span>
     <span class='ocr_line' id='line_1_63' title="bbox 22 2564 434 2592; baseline 0 -1"><span class='ocrx_word' id='word_1_403' title='bbox 22 2564 86 2591; x_wconf 78' lang='lat' dir='ltr'>huic</span> <span class='ocrx_word' id='word_1_404' title='bbox 103 2565 196 2591; x_wconf 64' lang='lat' dir='ltr'>transl.</span> <span class='ocrx_word' id='word_1_405' title='bbox 217 2573 271 2591; x_wconf 84' lang='lat' dir='ltr'>uon</span> <span class='ocrx_word' id='word_1_406' title='bbox 290 2566 434 2592; x_wconf 77' lang='lat' dir='ltr'>consensit.</span> 
     </span>
     <span class='ocr_line' id='line_1_64' title="bbox 46 2599 929 2644; baseline -0.001 -9"><span class='ocrx_word' id='word_1_407' title='bbox 46 2599 51 2604; x_wconf 44' lang='lat'><strong><em>⁴</em></strong></span> <span class='ocrx_word' id='word_1_408' title='bbox 86 2608 109 2641; x_wconf 62' lang='grc' dir='ltr'>ι)</span> <span class='ocrx_word' id='word_1_409' title='bbox 127 2608 193 2635; x_wconf 74' lang='lat' dir='ltr'>Can.</span> <span class='ocrx_word' id='word_1_410' title='bbox 214 2609 271 2635; x_wconf 71' lang='lat' dir='ltr'>bas.</span> <span class='ocrx_word' id='word_1_411' title='bbox 293 2611 376 2644; x_wconf 85' lang='lat' dir='ltr'>princ.</span> <span class='ocrx_word' id='word_1_412' title='bbox 398 2613 486 2643; x_wconf 82' lang='lat' dir='ltr'>apost.</span> <span class='ocrx_word' id='word_1_413' title='bbox 508 2610 541 2635; x_wconf 84' lang='lat' dir='ltr'>de</span> <span class='ocrx_word' id='word_1_414' title='bbox 564 2610 644 2639; x_wconf 82' lang='lat' dir='ltr'>Urbe,</span> <span class='ocrx_word' id='word_1_415' title='bbox 666 2614 718 2635; x_wconf 85' lang='lat' dir='ltr'>utr.</span> <span class='ocrx_word' id='word_1_416' title='bbox 740 2610 807 2642; x_wconf 72' lang='lat' dir='ltr'>juris</span> <span class='ocrx_word' id='word_1_417' title='bbox 826 2610 929 2635; x_wconf 80' lang='lat' dir='ltr'>doctor.</span> 
     </span>
     <span class='ocr_line' id='line_1_65' title="bbox 86 2653 1070 2687; baseline -0.001 -8"><span class='ocrx_word' id='word_1_418' title='bbox 86 2653 109 2685; x_wconf 81' lang='lat'>⁸)</span> <span class='ocrx_word' id='word_1_419' title='bbox 128 2653 194 2679; x_wconf 72' lang='lat' dir='ltr'>Can.</span> <span class='ocrx_word' id='word_1_420' title='bbox 211 2653 267 2679; x_wconf 74' lang='lat' dir='ltr'>bus.</span> <span class='ocrx_word' id='word_1_421' title='bbox 282 2654 367 2687; x_wconf 87' lang='lat' dir='ltr'>princ.</span> <span class='ocrx_word' id='word_1_422' title='bbox 382 2657 471 2687; x_wconf 79' lang='lat' dir='ltr'>apost.</span> <span class='ocrx_word' id='word_1_423' title='bbox 486 2654 520 2679; x_wconf 89' lang='lat' dir='ltr'>de</span> <span class='ocrx_word' id='word_1_424' title='bbox 535 2654 617 2684; x_wconf 89' lang='lat' dir='ltr'>Urbe,</span> <span class='ocrx_word' id='word_1_425' title='bbox 633 2654 702 2679; x_wconf 75' lang='lat' dir='ltr'>diac.</span> <span class='ocrx_word' id='word_1_426' title='bbox 731 2654 779 2679; x_wconf 91' lang='lat' dir='ltr'>Cui</span> <span class='ocrx_word' id='word_1_427' title='bbox 794 2658 915 2679; x_wconf 78' lang='lat' dir='ltr'>remanet</span> <span class='ocrx_word' id='word_1_428' title='bbox 931 2654 957 2678; x_wconf 87' lang='lat' dir='ltr'>in</span> <span class='ocrx_word' id='word_1_429' title='bbox 972 2662 1070 2678; x_wconf 81' lang='lat' dir='ltr'>comni.</span> 
     </span>
     <span class='ocr_line' id='line_1_66' title="bbox 20 2697 1072 2731; baseline -0.001 -8"><span class='ocrx_word' id='word_1_430' title='bbox 20 2705 93 2724; x_wconf 77' lang='lat' dir='ltr'>mom.</span> <span class='ocrx_word' id='word_1_431' title='bbox 112 2705 132 2723; x_wconf 81' lang='lat' dir='ltr'>s.</span> <span class='ocrx_word' id='word_1_432' title='bbox 152 2697 226 2723; x_wconf 83' lang='lat' dir='ltr'>Petri</span> <span class='ocrx_word' id='word_1_433' title='bbox 242 2697 277 2723; x_wconf 88' lang='lat' dir='ltr'>de</span> <span class='ocrx_word' id='word_1_434' title='bbox 293 2697 387 2724; x_wconf 82' lang='lat' dir='ltr'>Monte</span> <span class='ocrx_word' id='word_1_435' title='bbox 404 2698 510 2724; x_wconf 88' lang='lat' dir='ltr'>Cunero</span> <span class='ocrx_word' id='word_1_436' title='bbox 528 2698 559 2724; x_wconf 90' lang='grc' dir='ltr'>Ο.</span> <span class='ocrx_word' id='word_1_437' title='bbox 581 2700 606 2723; x_wconf 74' lang='lat' dir='ltr'>S.</span> <span class='ocrx_word' id='word_1_438' title='bbox 628 2699 658 2723; x_wconf 91' lang='lat' dir='ltr'>B.</span> <span class='ocrx_word' id='word_1_439' title='bbox 678 2698 762 2723; x_wconf 86' lang='lat' dir='ltr'>dioec.</span> <span class='ocrx_word' id='word_1_440' title='bbox 783 2698 903 2723; x_wconf 82' lang='lat' dir='ltr'>Human.</span> <span class='ocrx_word' id='word_1_441' title='bbox 923 2698 979 2730; x_wconf 77' lang='lat' dir='ltr'>jam</span> <span class='ocrx_word' id='word_1_442' title='bbox 999 2698 1072 2731; x_wconf 85' lang='lat' dir='ltr'>prius</span> 
     </span>
     <span class='ocr_line' id='line_1_67' title="bbox 22 2741 614 2776; baseline 0 -9"><span class='ocrx_word' id='word_1_443' title='bbox 22 2741 182 2772; x_wconf 79' lang='lat' dir='ltr'>obtentum;</span> <span class='ocrx_word' id='word_1_444' title='bbox 204 2750 230 2767; x_wconf 84' lang='lat' dir='ltr'>v.</span> <span class='ocrx_word' id='word_1_445' title='bbox 252 2750 335 2775; x_wconf 75' lang='lat' dir='ltr'>supra</span> <span class='ocrx_word' id='word_1_446' title='bbox 355 2750 416 2776; x_wconf 73' lang='lat' dir='ltr'>pag.</span> <span class='ocrx_word' id='word_1_447' title='bbox 439 2743 472 2768; x_wconf 88' lang='lat'>48</span> <span class='ocrx_word' id='word_1_448' title='bbox 494 2750 532 2767; x_wconf 92' lang='lat' dir='ltr'>nr.</span> <span class='ocrx_word' id='word_1_449' title='bbox 556 2744 614 2769; x_wconf 83' lang='lat'>507.</span> 
     </span>
    </p>
   </div>
   <div class='ocr_carea' id='block_1_30' title="bbox 91 2787 630 2862">
    <p class='ocr_par' dir='ltr' id='par_1_35' title="bbox 91 2787 630 2862">
     <span class='ocr_line' id='line_1_68' title="bbox 458 2787 630 2817; baseline -0.006 -3"><span class='ocrx_word' id='word_1_450' title='bbox 458 2787 630 2817; x_wconf 69' lang='lat' dir='ltr'>Andagaven.</span> 
     </span>
     <span class='ocr_line' id='line_1_69' title="bbox 91 2829 556 2862; baseline 0 -7"><span class='ocrx_word' id='word_1_451' title='bbox 91 2829 112 2862; x_wconf 80' lang='grc' dir='ltr'>ι)</span> <span class='ocrx_word' id='word_1_452' title='bbox 132 2829 183 2855; x_wconf 87' lang='lat' dir='ltr'>Die</span> <span class='ocrx_word' id='word_1_453' title='bbox 204 2831 236 2855; x_wconf 90' lang='lat'>18</span> <span class='ocrx_word' id='word_1_454' title='bbox 255 2829 319 2856; x_wconf 74' lang='lat' dir='ltr'>Jan.</span> <span class='ocrx_word' id='word_1_455' title='bbox 341 2830 408 2856; x_wconf 80' lang='lat'>1439</span> <span class='ocrx_word' id='word_1_456' title='bbox 426 2830 556 2856; x_wconf 72' lang='lat' dir='ltr'>defuncti.</span> 
     </span>
    </p>
   </div>
   <div class='ocr_carea' id='block_1_31' title="bbox 90 2860 1127 2908">
    <p class='ocr_par' dir='ltr' id='par_1_36' title="bbox 90 2860 1127 2908">
     <span class='ocr_line' id='line_1_70' title="bbox 90 2860 1127 2908; baseline 0 -9"><span class='ocrx_word' id='word_1_457' title='bbox 90 2873 112 2906; x_wconf 79' lang='lat'>²)</span> <span class='ocrx_word' id='word_1_458' title='bbox 131 2874 331 2900; x_wconf 79' lang='lat' dir='ltr'>Possessionem</span> <span class='ocrx_word' id='word_1_459' title='bbox 353 2874 431 2900; x_wconf 86' lang='lat' dir='ltr'>istius</span> <span class='ocrx_word' id='word_1_460' title='bbox 452 2874 515 2900; x_wconf 85' lang='lat' dir='ltr'>eccl.</span> <span class='ocrx_word' id='word_1_461' title='bbox 538 2883 593 2900; x_wconf 89' lang='lat' dir='ltr'>non</span> <span class='ocrx_word' id='word_1_462' title='bbox 615 2874 732 2908; x_wconf 80' lang='lat' dir='ltr'>adeptus</span> <span class='ocrx_word' id='word_1_463' title='bbox 754 2883 812 2899; x_wconf 80' lang='lat' dir='ltr'>esse</span> <span class='ocrx_word' id='word_1_464' title='bbox 835 2874 952 2903; x_wconf 84' lang='lat' dir='ltr'>videtur,</span> <span class='ocrx_word' id='word_1_465' title='bbox 975 2877 1073 2907; x_wconf 79' lang='lat' dir='ltr'>utpote</span> <span class='ocrx_word' id='word_1_466' title='bbox 1126 2860 1127 2875; x_wconf 41' lang='lat'><strong>³</strong></span> 
     </span>
    </p>
   </div>
   <div class='ocr_carea' id='block_1_32' title="bbox 1126 2919 2232 2990">
    <p class='ocr_par' dir='ltr' id='par_1_37' title="bbox 1126 2919 2232 2990">
     <span class='ocr_line' id='line_1_71' title="bbox 1126 2919 2232 2953; baseline 0.002 -10"><span class='ocrx_word' id='word_1_467' title='bbox 1126 2925 1127 2952; x_wconf 47' lang='grc' dir='ltr'>ᾗ</span> <span class='ocrx_word' id='word_1_468' title='bbox 1182 2919 1217 2944; x_wconf 84' lang='grc'>(10</span> <span class='ocrx_word' id='word_1_469' title='bbox 1243 2919 1341 2944; x_wconf 79' lang='lat' dir='ltr'>Rohan</span> <span class='ocrx_word' id='word_1_470' title='bbox 1363 2919 1420 2944; x_wconf 86' lang='lat' dir='ltr'>filio</span> <span class='ocrx_word' id='word_1_471' title='bbox 1441 2920 1599 2950; x_wconf 71' lang='lat' dir='ltr'>marescalli,</span> <span class='ocrx_word' id='word_1_472' title='bbox 1626 2921 1657 2945; x_wconf 83' lang='lat'>14</span> <span class='ocrx_word' id='word_1_473' title='bbox 1671 2929 1695 2945; x_wconf 80' lang='lat' dir='ltr'>a.</span> <span class='ocrx_word' id='word_1_474' title='bbox 1717 2920 1817 2953; x_wconf 75' lang='lat' dir='ltr'>agenti,</span> <span class='ocrx_word' id='word_1_475' title='bbox 1842 2920 2037 2946; x_wconf 72' lang='lat' dir='ltr'>concederetur</span> <span class='ocrx_word' id='word_1_476' title='bbox 2054 2921 2081 2945; x_wconf 86' lang='lat' dir='ltr'>in</span> <span class='ocrx_word' id='word_1_477' title='bbox 2094 2920 2232 2946; x_wconf 79' lang='lat' dir='ltr'>administ.</span> 
     </span>
     <span class='ocr_line' id='line_1_72' title="bbox 1126 2963 1356 2990; baseline 0.004 -3"><span class='ocrx_word' id='word_1_478' title='bbox 1126 2982 1128 2990; x_wconf 78' lang='grc'>,</span> <span class='ocrx_word' id='word_1_479' title='bbox 1185 2963 1212 2988; x_wconf 89' lang='lat' dir='ltr'>L.</span> <span class='ocrx_word' id='word_1_480' title='bbox 1234 2972 1255 2988; x_wconf 97' lang='grc'>0.</span> <span class='ocrx_word' id='word_1_481' title='bbox 1276 2963 1294 2988; x_wconf 84' lang='lat' dir='ltr'>f.</span> <span class='ocrx_word' id='word_1_482' title='bbox 1315 2964 1356 2989; x_wconf 82' lang='lat'>50.</span> 
     </span>
    </p>
   </div>
   <div class='ocr_carea' id='block_1_33' title="bbox 22 2918 1071 2996">
    <p class='ocr_par' dir='ltr' id='par_1_38' title="bbox 22 2918 1071 2996">
     <span class='ocr_line' id='line_1_73' title="bbox 22 2918 1071 2952; baseline -0.001 -8"><span class='ocrx_word' id='word_1_483' title='bbox 22 2921 174 2952; x_wconf 72' lang='lat' dir='ltr'>occupatae</span> <span class='ocrx_word' id='word_1_484' title='bbox 194 2926 241 2952; x_wconf 90' lang='lat' dir='ltr'>per</span> <span class='ocrx_word' id='word_1_485' title='bbox 261 2919 396 2945; x_wconf 69' lang='lat' dir='ltr'>Ioannem</span> <span class='ocrx_word' id='word_1_486' title='bbox 415 2918 520 2948; x_wconf 84' lang='lat' dir='ltr'>Michel,</span> <span class='ocrx_word' id='word_1_487' title='bbox 551 2919 597 2952; x_wconf 88' lang='lat' dir='ltr'>qui</span> <span class='ocrx_word' id='word_1_488' title='bbox 617 2919 653 2944; x_wconf 78' lang='lat' dir='ltr'>ab</span> <span class='ocrx_word' id='word_1_489' title='bbox 672 2928 696 2944; x_wconf 78' lang='lat' dir='ltr'>a.</span> <span class='ocrx_word' id='word_1_490' title='bbox 720 2920 786 2944; x_wconf 86' lang='grc'>1439</span> <span class='ocrx_word' id='word_1_491' title='bbox 805 2927 891 2952; x_wconf 76' lang='lat' dir='ltr'>usque</span> <span class='ocrx_word' id='word_1_492' title='bbox 910 2918 945 2943; x_wconf 86' lang='lat' dir='ltr'>ad</span> <span class='ocrx_word' id='word_1_493' title='bbox 965 2918 1071 2943; x_wconf 85' lang='lat' dir='ltr'>obitum</span> 
     </span>
     <span class='ocr_line' id='line_1_74' title="bbox 23 2962 1071 2996; baseline -0.002 -7"><span class='ocrx_word' id='word_1_494' title='bbox 23 2962 102 2995; x_wconf 75' lang='lat'>(1447</span> <span class='ocrx_word' id='word_1_495' title='bbox 126 2962 200 2996; x_wconf 74' lang='lat' dir='ltr'>Sept.</span> <span class='ocrx_word' id='word_1_496' title='bbox 226 2963 268 2993; x_wconf 84' lang='lat' dir='ltr'>ll)</span> <span class='ocrx_word' id='word_1_497' title='bbox 290 2970 365 2996; x_wconf 87' lang='lat' dir='ltr'>epus.</span> <span class='ocrx_word' id='word_1_498' title='bbox 388 2962 563 2996; x_wconf 75' lang='lat' dir='ltr'>Andegaven.</span> <span class='ocrx_word' id='word_1_499' title='bbox 587 2963 669 2988; x_wconf 77' lang='lat' dir='ltr'>fuisse</span> <span class='ocrx_word' id='word_1_500' title='bbox 691 2963 798 2988; x_wconf 77' lang='lat' dir='ltr'>dicitur.</span> <span class='ocrx_word' id='word_1_501' title='bbox 842 2963 895 2989; x_wconf 82' lang='lat' dir='ltr'>Cfr.</span> <span class='ocrx_word' id='word_1_502' title='bbox 919 2966 975 2988; x_wconf 77' lang='lat' dir='ltr'>not.</span> <span class='ocrx_word' id='word_1_503' title='bbox 1003 2964 1013 2987; x_wconf 94' lang='lat'>1</span> <span class='ocrx_word' id='word_1_504' title='bbox 1038 2962 1071 2987; x_wconf 83' lang='lat' dir='ltr'>ad</span> 
     </span>
    </p>
   </div>
   <div class='ocr_carea' id='block_1_34' title="bbox 469 1585 1297 1679">
    <p class='ocr_par' dir='ltr' id='par_1_39' title="bbox 469 1585 1297 1679">
     <span class='ocr_line' id='line_1_75' title="bbox 469 1585 1297 1626; baseline -0.002 -9"><span class='ocrx_word' id='word_1_505' title='bbox 469 1586 641 1618; x_wconf 82' lang='lat' dir='ltr'>Guilelmus</span> <span class='ocrx_word' id='word_1_506' title='bbox 666 1585 705 1616; x_wconf 92' lang='lat' dir='ltr'>de</span> <span class='ocrx_word' id='word_1_507' title='bbox 732 1585 952 1622; x_wconf 84' lang='lat' dir='ltr'>Estoutevilla,</span> <span class='ocrx_word' id='word_1_508' title='bbox 980 1589 1140 1626; x_wconf 88' lang='lat' dir='ltr'>protonot.</span> <span class='ocrx_word' id='word_1_509' title='bbox 1168 1585 1297 1626; x_wconf 58' lang='lat' dir='ltr'>apostss)</span> 
     </span>
     <span class='ocr_line' id='line_1_76' title="bbox 469 1638 1213 1679; baseline -0.004 -8"><span class='ocrx_word' id='word_1_510' title='bbox 469 1640 607 1671; x_wconf 76' lang='lat' dir='ltr'>Joannes</span> <span class='ocrx_word' id='word_1_511' title='bbox 630 1638 669 1669; x_wconf 91' lang='lat' dir='ltr'>de</span> <span class='ocrx_word' id='word_1_512' title='bbox 694 1638 873 1675; x_wconf 84' lang='lat' dir='ltr'>Bellavalle,</span> <span class='ocrx_word' id='word_1_513' title='bbox 899 1642 1058 1679; x_wconf 88' lang='lat' dir='ltr'>protonot.</span> <span class='ocrx_word' id='word_1_514' title='bbox 1084 1638 1213 1679; x_wconf 59' lang='lat' dir='ltr'>apostss)</span> 
     </span>
    </p>
   </div>
   <div class='ocr_carea' id='block_1_35' title="bbox 1121 1946 1129 2916">
    <p class='ocr_par' dir='ltr' id='par_1_40' title="bbox 1121 1946 1129 2916">
     <span class='ocr_line' id='line_1_77' title="bbox 1121 1946 1129 2916; baseline 0 0"><span class='ocrx_word' id='word_1_515' title='bbox 1121 1946 1129 2916; x_wconf 95' lang='lat' dir='ltr'> </span> 
     </span>
    </p>
   </div>
   <div class='ocr_carea' id='block_1_36' title="bbox 1423 1586 1906 1729">
    <p class='ocr_par' dir='ltr' id='par_1_41' title="bbox 1423 1586 1906 1729">
     <span class='ocr_line' id='line_1_78' title="bbox 1423 1586 1906 1624; baseline 0.002 -8"><span class='ocrx_word' id='word_1_516' title='bbox 1423 1586 1498 1616; x_wconf 90' lang='lat'>1439</span> <span class='ocrx_word' id='word_1_517' title='bbox 1526 1586 1615 1616; x_wconf 87' lang='lat' dir='ltr'>Febr.</span> <span class='ocrx_word' id='word_1_518' title='bbox 1643 1587 1683 1616; x_wconf 91' lang='grc'>20</span> <span class='ocrx_word' id='word_1_519' title='bbox 1703 1586 1772 1617; x_wconf 95' lang='lat' dir='ltr'>Obl.</span> <span class='ocrx_word' id='word_1_520' title='bbox 1796 1588 1845 1624; x_wconf 87' lang='lat'>66,</span> <span class='ocrx_word' id='word_1_521' title='bbox 1868 1588 1906 1617; x_wconf 90' lang='lat'>45</span> 
     </span>
     <span class='ocr_line' id='line_1_79' title="bbox 1424 1638 1906 1676; baseline 0.004 -8"><span class='ocrx_word' id='word_1_522' title='bbox 1424 1638 1498 1669; x_wconf 88' lang='lat'>1447</span> <span class='ocrx_word' id='word_1_523' title='bbox 1531 1639 1600 1670; x_wconf 88' lang='lat' dir='ltr'>Oct.</span> <span class='ocrx_word' id='word_1_524' title='bbox 1633 1639 1670 1669; x_wconf 90' lang='grc'>27</span> <span class='ocrx_word' id='word_1_525' title='bbox 1703 1639 1772 1670; x_wconf 90' lang='lat' dir='ltr'>Obl.</span> <span class='ocrx_word' id='word_1_526' title='bbox 1797 1640 1845 1676; x_wconf 91' lang='grc'>72,</span> <span class='ocrx_word' id='word_1_527' title='bbox 1868 1641 1906 1670; x_wconf 90' lang='grc'>29</span> 
     </span>
     <span class='ocr_line' id='line_1_80' title="bbox 1423 1691 1886 1729; baseline 0.002 -7"><span class='ocrx_word' id='word_1_528' title='bbox 1423 1691 1498 1722; x_wconf 91' lang='grc'>1467</span> <span class='ocrx_word' id='word_1_529' title='bbox 1529 1692 1615 1723; x_wconf 88' lang='lat' dir='ltr'>Junii</span> <span class='ocrx_word' id='word_1_530' title='bbox 1644 1694 1662 1722; x_wconf 86' lang='lat'>5</span> <span class='ocrx_word' id='word_1_531' title='bbox 1703 1693 1772 1723; x_wconf 92' lang='lat' dir='ltr'>Obl.</span> <span class='ocrx_word' id='word_1_532' title='bbox 1796 1694 1845 1729; x_wconf 87' lang='lat'>83,</span> <span class='ocrx_word' id='word_1_533' title='bbox 1869 1693 1886 1723; x_wconf 97' lang='lat'>7</span> 
     </span>
    </p>
   </div>
   <div class='ocr_carea' id='block_1_37' title="bbox 468 1744 2007 1891">
    <p class='ocr_par' dir='ltr' id='par_1_42' title="bbox 468 1744 2007 1891">
     <span class='ocr_line' id='line_1_81' title="bbox 468 1744 2007 1785; baseline -0.001 -8"><span class='ocrx_word' id='word_1_534' title='bbox 468 1745 594 1777; x_wconf 72' lang='lat' dir='ltr'>carolus</span> <span class='ocrx_word' id='word_1_535' title='bbox 624 1745 675 1784; x_wconf 91' lang='lat' dir='ltr'>(de</span> <span class='ocrx_word' id='word_1_536' title='bbox 704 1745 870 1784; x_wconf 86' lang='lat' dir='ltr'>Carretto),</span> <span class='ocrx_word' id='word_1_537' title='bbox 901 1755 968 1785; x_wconf 86' lang='lat' dir='ltr'>aep.</span> <span class='ocrx_word' id='word_1_538' title='bbox 999 1744 1170 1781; x_wconf 81' lang='lat' dir='ltr'>Cusentin.,</span> <span class='ocrx_word' id='word_1_539' title='bbox 1201 1745 1235 1775; x_wconf 75' lang='lat' dir='ltr'>in</span> <span class='ocrx_word' id='word_1_540' title='bbox 1263 1744 1378 1775; x_wconf 62' lang='lat' dir='ltr'>admira.</span> <span class='ocrx_word' id='word_1_541' title='bbox 1423 1746 1496 1775; x_wconf 89' lang='lat'>1491</span> <span class='ocrx_word' id='word_1_542' title='bbox 1531 1745 1600 1776; x_wconf 86' lang='lat' dir='ltr'>Oct.</span> <span class='ocrx_word' id='word_1_543' title='bbox 1636 1746 1672 1775; x_wconf 94' lang='lat'>10</span> <span class='ocrx_word' id='word_1_544' title='bbox 1703 1746 1754 1776; x_wconf 86' lang='lat' dir='ltr'>AC</span> <span class='ocrx_word' id='word_1_545' title='bbox 1776 1746 1895 1777; x_wconf 86' lang='lat' dir='ltr'>Camer.</span> <span class='ocrx_word' id='word_1_546' title='bbox 1920 1746 1945 1783; x_wconf 96' lang='lat' dir='ltr'>I,</span> <span class='ocrx_word' id='word_1_547' title='bbox 1971 1746 2007 1777; x_wconf 95' lang='lat'>17</span> 
     </span>
     <span class='ocr_line' id='line_1_82' title="bbox 470 1797 1197 1838; baseline -0.004 -8"><span class='ocrx_word' id='word_1_548' title='bbox 470 1799 608 1830; x_wconf 77' lang='lat' dir='ltr'>Joannes</span> <span class='ocrx_word' id='word_1_549' title='bbox 630 1798 669 1829; x_wconf 89' lang='lat' dir='ltr'>de</span> <span class='ocrx_word' id='word_1_550' title='bbox 693 1798 784 1838; x_wconf 89' lang='lat' dir='ltr'>Rely,</span> <span class='ocrx_word' id='word_1_551' title='bbox 808 1797 844 1828; x_wconf 89' lang='lat' dir='ltr'>el.</span> <span class='ocrx_word' id='word_1_552' title='bbox 873 1799 945 1828; x_wconf 89' lang='lat'>1491</span> <span class='ocrx_word' id='word_1_553' title='bbox 971 1797 1046 1828; x_wconf 83' lang='lat' dir='ltr'>Dee.</span> <span class='ocrx_word' id='word_1_554' title='bbox 1074 1799 1100 1834; x_wconf 92' lang='lat'>1,</span> <span class='ocrx_word' id='word_1_555' title='bbox 1124 1797 1197 1828; x_wconf 88' lang='lat' dir='ltr'>intr.</span> 
     </span>
     <span class='ocr_line' id='line_1_83' title="bbox 468 1851 1133 1891; baseline -0.003 -8"><span class='ocrx_word' id='word_1_556' title='bbox 468 1852 652 1883; x_wconf 75' lang='lat' dir='ltr'>Franciscus</span> <span class='ocrx_word' id='word_1_557' title='bbox 677 1851 716 1882; x_wconf 86' lang='lat' dir='ltr'>de</span> <span class='ocrx_word' id='word_1_558' title='bbox 741 1851 866 1887; x_wconf 80' lang='lat' dir='ltr'>Rohan,</span> <span class='ocrx_word' id='word_1_559' title='bbox 896 1852 931 1881; x_wconf 90' lang='lat'>15</span> <span class='ocrx_word' id='word_1_560' title='bbox 957 1861 985 1881; x_wconf 82' lang='lat' dir='ltr'>a.</span> <span class='ocrx_word' id='word_1_561' title='bbox 1013 1851 1133 1891; x_wconf 67' lang='lat' dir='ltr'>agensss)</span> 
     </span>
    </p>
   </div>
   <div class='ocr_carea' id='block_1_38' title="bbox 1423 1798 2008 1889">
    <p class='ocr_par' dir='ltr' id='par_1_43' title="bbox 1423 1798 2008 1889">
     <span class='ocr_line' id='line_1_84' title="bbox 1423 1798 1882 1829; baseline 0.002 -1"><span class='ocrx_word' id='word_1_562' title='bbox 1423 1799 1499 1828; x_wconf 88' lang='lat'>1492</span> <span class='ocrx_word' id='word_1_563' title='bbox 1531 1798 1600 1829; x_wconf 88' lang='lat' dir='ltr'>Oct.</span> <span class='ocrx_word' id='word_1_564' title='bbox 1636 1800 1671 1829; x_wconf 84' lang='lat'>18</span> <span class='ocrx_word' id='word_1_565' title='bbox 1705 1799 1802 1829; x_wconf 83' lang='lat' dir='ltr'>Gams</span> <span class='ocrx_word' id='word_1_566' title='bbox 1824 1800 1882 1829; x_wconf 83' lang='lat'>489</span> 
     </span>
     <span class='ocr_line' id='line_1_85' title="bbox 1423 1851 2008 1889; baseline 0.002 -8"><span class='ocrx_word' id='word_1_567' title='bbox 1423 1852 1498 1882; x_wconf 83' lang='lat'>1499</span> <span class='ocrx_word' id='word_1_568' title='bbox 1528 1851 1602 1882; x_wconf 81' lang='lat' dir='ltr'>Maii</span> <span class='ocrx_word' id='word_1_569' title='bbox 1636 1853 1671 1882; x_wconf 84' lang='lat'>15</span> <span class='ocrx_word' id='word_1_570' title='bbox 1702 1852 1754 1882; x_wconf 79' lang='lat' dir='ltr'>AC</span> <span class='ocrx_word' id='word_1_571' title='bbox 1777 1852 1896 1882; x_wconf 82' lang='lat' dir='ltr'>Camer.</span> <span class='ocrx_word' id='word_1_572' title='bbox 1922 1852 1946 1889; x_wconf 95' lang='lat' dir='ltr'>I,</span> <span class='ocrx_word' id='word_1_573' title='bbox 1970 1852 2008 1883; x_wconf 90' lang='grc'>74</span> 
     </span>
    </p>
   </div>
   <div class='ocr_carea' id='block_1_39' title="bbox 1177 1947 2233 2733">
    <p class='ocr_par' dir='ltr' id='par_1_44' title="bbox 1177 1947 2229 2070">
     <span class='ocr_line' id='line_1_86' title="bbox 1178 1947 2229 1974; baseline 0.002 -2"><span class='ocrx_word' id='word_1_574' title='bbox 1178 1947 1311 1973; x_wconf 85' lang='lat' dir='ltr'>Biterren.</span> <span class='ocrx_word' id='word_1_575' title='bbox 1335 1962 1370 1965; x_wconf 97' lang='lat'><strong>—</strong></span> <span class='ocrx_word' id='word_1_576' title='bbox 1392 1947 1473 1972; x_wconf 91' lang='lat' dir='ltr'>Anno</span> <span class='ocrx_word' id='word_1_577' title='bbox 1495 1950 1588 1973; x_wconf 78' lang='lat' dir='ltr'>autem</span> <span class='ocrx_word' id='word_1_578' title='bbox 1613 1948 1679 1973; x_wconf 83' lang='lat'>1439</span> <span class='ocrx_word' id='word_1_579' title='bbox 1701 1957 1748 1973; x_wconf 87' lang='lat' dir='ltr'>rex</span> <span class='ocrx_word' id='word_1_580' title='bbox 1771 1949 1901 1973; x_wconf 80' lang='lat' dir='ltr'>Franciae</span> <span class='ocrx_word' id='word_1_581' title='bbox 1923 1949 1959 1974; x_wconf 84' lang='lat' dir='ltr'>ad</span> <span class='ocrx_word' id='word_1_582' title='bbox 1981 1949 2124 1974; x_wconf 90' lang='lat' dir='ltr'>concilium</span> <span class='ocrx_word' id='word_1_583' title='bbox 2146 1949 2229 1974; x_wconf 75' lang='lat' dir='ltr'>Basil.</span> 
     </span>
     <span class='ocr_line' id='line_1_87' title="bbox 1177 1991 2227 2027; baseline 0.002 -11"><span class='ocrx_word' id='word_1_584' title='bbox 1177 1994 1243 2017; x_wconf 85' lang='lat' dir='ltr'>tunc</span> <span class='ocrx_word' id='word_1_585' title='bbox 1259 1991 1367 2017; x_wconf 84' lang='lat' dir='ltr'>schism.</span> <span class='ocrx_word' id='word_1_586' title='bbox 1385 1992 1488 2022; x_wconf 80' lang='lat' dir='ltr'>scribit,</span> <span class='ocrx_word' id='word_1_587' title='bbox 1506 1995 1609 2025; x_wconf 89' lang='lat' dir='ltr'>petens,</span> <span class='ocrx_word' id='word_1_588' title='bbox 1626 1995 1658 2017; x_wconf 90' lang='lat' dir='ltr'>ut</span> <span class='ocrx_word' id='word_1_589' title='bbox 1673 1992 1811 2025; x_wconf 78' lang='lat' dir='ltr'>quendam</span> <span class='ocrx_word' id='word_1_590' title='bbox 1830 1994 1979 2020; x_wconf 73' lang='lat' dir='ltr'>Gerardum</span> <span class='ocrx_word' id='word_1_591' title='bbox 1993 2002 2010 2018; x_wconf 84' lang='grc'>3</span> <span class='ocrx_word' id='word_1_592' title='bbox 2025 1993 2107 2026; x_wconf 80' lang='lat' dir='ltr'>capit.</span> <span class='ocrx_word' id='word_1_593' title='bbox 2124 1993 2227 2027; x_wconf 87' lang='lat' dir='ltr'>Andeg.</span> 
     </span>
     <span class='ocr_line' id='line_1_88' title="bbox 1177 2036 2105 2070; baseline 0.002 -10"><span class='ocrx_word' id='word_1_594' title='bbox 1177 2037 1205 2061; x_wconf 92' lang='lat' dir='ltr'>in</span> <span class='ocrx_word' id='word_1_595' title='bbox 1225 2044 1305 2061; x_wconf 86' lang='lat' dir='ltr'>suum</span> <span class='ocrx_word' id='word_1_596' title='bbox 1326 2044 1416 2069; x_wconf 87' lang='lat' dir='ltr'>epum.</span> <span class='ocrx_word' id='word_1_597' title='bbox 1439 2036 1470 2061; x_wconf 92' lang='lat' dir='ltr'>el.</span> <span class='ocrx_word' id='word_1_598' title='bbox 1493 2036 1646 2067; x_wconf 78' lang='lat' dir='ltr'>confirmet,</span> <span class='ocrx_word' id='word_1_599' title='bbox 1667 2040 1761 2062; x_wconf 84' lang='lat' dir='ltr'>amoto</span> <span class='ocrx_word' id='word_1_600' title='bbox 1784 2036 1919 2062; x_wconf 84' lang='lat' dir='ltr'>Guilelmo</span> <span class='ocrx_word' id='word_1_601' title='bbox 1939 2037 2105 2070; x_wconf 83' lang='lat' dir='ltr'>supradicto.</span> 
     </span>
    </p>

    <p class='ocr_par' dir='ltr' id='par_1_45' title="bbox 1177 2080 2230 2159">
     <span class='ocr_line' id='line_1_89' title="bbox 1247 2080 2230 2115; baseline 0.001 -10"><span class='ocrx_word' id='word_1_602' title='bbox 1247 2080 1268 2111; x_wconf 73' lang='lat'>³)</span> <span class='ocrx_word' id='word_1_603' title='bbox 1288 2080 1340 2105; x_wconf 90' lang='lat' dir='ltr'>Die</span> <span class='ocrx_word' id='word_1_604' title='bbox 1356 2081 1387 2105; x_wconf 89' lang='lat'>18</span> <span class='ocrx_word' id='word_1_605' title='bbox 1402 2080 1466 2105; x_wconf 82' lang='lat' dir='ltr'>Dec.</span> <span class='ocrx_word' id='word_1_606' title='bbox 1485 2081 1552 2105; x_wconf 81' lang='lat'>1439</span> <span class='ocrx_word' id='word_1_607' title='bbox 1566 2081 1593 2105; x_wconf 92' lang='lat' dir='ltr'>in</span> <span class='ocrx_word' id='word_1_608' title='bbox 1610 2081 1635 2106; x_wconf 84' lang='lat' dir='ltr'>S.</span> <span class='ocrx_word' id='word_1_609' title='bbox 1653 2081 1685 2106; x_wconf 86' lang='lat' dir='ltr'>R.</span> <span class='ocrx_word' id='word_1_610' title='bbox 1702 2081 1732 2106; x_wconf 88' lang='lat' dir='ltr'>E.</span> <span class='ocrx_word' id='word_1_611' title='bbox 1749 2081 1821 2106; x_wconf 85' lang='lat' dir='ltr'>eard.</span> <span class='ocrx_word' id='word_1_612' title='bbox 1839 2082 1970 2114; x_wconf 85' lang='lat' dir='ltr'>promoti;</span> <span class='ocrx_word' id='word_1_613' title='bbox 1986 2081 2033 2107; x_wconf 83' lang='lat' dir='ltr'>cfr.</span> <span class='ocrx_word' id='word_1_614' title='bbox 2049 2082 2230 2115; x_wconf 83' lang='lat' dir='ltr'>Mirapiscen.,</span> 
     </span>
     <span class='ocr_line' id='line_1_90' title="bbox 1177 2124 2229 2159; baseline 0.002 -10"><span class='ocrx_word' id='word_1_615' title='bbox 1177 2124 1352 2154; x_wconf 84' lang='lat' dir='ltr'>Nemausen.‚</span> <span class='ocrx_word' id='word_1_616' title='bbox 1368 2124 1494 2157; x_wconf 87' lang='lat' dir='ltr'>Dignen.,</span> <span class='ocrx_word' id='word_1_617' title='bbox 1511 2125 1653 2154; x_wconf 87' lang='lat' dir='ltr'>Biterren.‚</span> <span class='ocrx_word' id='word_1_618' title='bbox 1669 2125 1818 2155; x_wconf 87' lang='lat' dir='ltr'>Lodoven.,</span> <span class='ocrx_word' id='word_1_619' title='bbox 1834 2125 2013 2156; x_wconf 80' lang='lat' dir='ltr'>Maurianen.‚</span> <span class='ocrx_word' id='word_1_620' title='bbox 2030 2125 2229 2159; x_wconf 77' lang='lat' dir='ltr'>Rothomagen.</span> 
     </span>
    </p>

    <p class='ocr_par' dir='ltr' id='par_1_46' title="bbox 1178 2168 2230 2282">
     <span class='ocr_line' id='line_1_91' title="bbox 1248 2168 2229 2202; baseline 0.002 -9"><span class='ocrx_word' id='word_1_621' title='bbox 1248 2168 1269 2200; x_wconf 81' lang='lat'>⁴)</span> <span class='ocrx_word' id='word_1_622' title='bbox 1289 2168 1350 2193; x_wconf 71' lang='lat' dir='ltr'>Des.</span> <span class='ocrx_word' id='word_1_623' title='bbox 1372 2171 1425 2193; x_wconf 84' lang='lat' dir='ltr'>aet.</span> <span class='ocrx_word' id='word_1_624' title='bbox 1448 2169 1563 2202; x_wconf 85' lang='lat' dir='ltr'>patiens.</span> <span class='ocrx_word' id='word_1_625' title='bbox 1609 2169 1661 2199; x_wconf 86' lang='lat' dir='ltr'>Qui</span> <span class='ocrx_word' id='word_1_626' title='bbox 1681 2169 1760 2194; x_wconf 84' lang='lat' dir='ltr'>simul</span> <span class='ocrx_word' id='word_1_627' title='bbox 1781 2170 1808 2194; x_wconf 86' lang='lat' dir='ltr'>in</span> <span class='ocrx_word' id='word_1_628' title='bbox 1829 2169 1981 2195; x_wconf 84' lang='lat' dir='ltr'>commend.</span> <span class='ocrx_word' id='word_1_629' title='bbox 2003 2170 2147 2195; x_wconf 77' lang='lat' dir='ltr'>obtinebat</span> <span class='ocrx_word' id='word_1_630' title='bbox 2166 2170 2229 2195; x_wconf 73' lang='lat' dir='ltr'>eccl.</span> 
     </span>
     <span class='ocr_line' id='line_1_92' title="bbox 1178 2212 2230 2247; baseline 0.002 -10"><span class='ocrx_word' id='word_1_631' title='bbox 1178 2212 1315 2238; x_wconf 82' lang='lat' dir='ltr'>Arelaten.</span> <span class='ocrx_word' id='word_1_632' title='bbox 1342 2216 1370 2238; x_wconf 88' lang='lat' dir='ltr'>et</span> <span class='ocrx_word' id='word_1_633' title='bbox 1395 2221 1467 2237; x_wconf 89' lang='lat' dir='ltr'>mon.</span> <span class='ocrx_word' id='word_1_634' title='bbox 1493 2213 1708 2245; x_wconf 76' lang='lat' dir='ltr'>Montismajoris</span> <span class='ocrx_word' id='word_1_635' title='bbox 1734 2222 1791 2238; x_wconf 79' lang='lat' dir='ltr'>vac.</span> <span class='ocrx_word' id='word_1_636' title='bbox 1820 2222 1866 2246; x_wconf 83' lang='lat' dir='ltr'>per</span> <span class='ocrx_word' id='word_1_637' title='bbox 1892 2214 1959 2247; x_wconf 88' lang='lat' dir='ltr'>priv.</span> <span class='ocrx_word' id='word_1_638' title='bbox 1987 2214 2142 2245; x_wconf 86' lang='lat' dir='ltr'>(Ludoviei)</span> <span class='ocrx_word' id='word_1_639' title='bbox 2166 2214 2230 2239; x_wconf 89' lang='lat' dir='ltr'>olim</span> 
     </span>
     <span class='ocr_line' id='line_1_93' title="bbox 1178 2256 1446 2282; baseline 0 0"><span class='ocrx_word' id='word_1_640' title='bbox 1178 2256 1250 2282; x_wconf 85' lang='lat' dir='ltr'>card.</span> <span class='ocrx_word' id='word_1_641' title='bbox 1272 2256 1446 2282; x_wconf 83' lang='lat' dir='ltr'>Arelatensis.</span> 
     </span>
    </p>

    <p class='ocr_par' dir='ltr' id='par_1_47' title="bbox 1249 2300 1859 2332">
     <span class='ocr_line' id='line_1_94' title="bbox 1249 2300 1859 2332; baseline 0.003 -7"><span class='ocrx_word' id='word_1_642' title='bbox 1249 2301 1269 2332; x_wconf 85' lang='lat'>⁵)</span> <span class='ocrx_word' id='word_1_643' title='bbox 1289 2301 1343 2326; x_wconf 82' lang='lat' dir='ltr'>Cfr.</span> <span class='ocrx_word' id='word_1_644' title='bbox 1369 2300 1478 2330; x_wconf 80' lang='lat' dir='ltr'>„Gallia</span> <span class='ocrx_word' id='word_1_645' title='bbox 1500 2301 1592 2326; x_wconf 78' lang='lat' dir='ltr'>christ.</span> <span class='ocrx_word' id='word_1_646' title='bbox 1617 2302 1700 2326; x_wconf 74' lang='lat' dir='ltr'>nov.“</span> <span class='ocrx_word' id='word_1_647' title='bbox 1724 2302 1777 2331; x_wconf 84' lang='grc' dir='ltr'>ΙΙΙ,</span> <span class='ocrx_word' id='word_1_648' title='bbox 1800 2302 1859 2327; x_wconf 90' lang='grc'>839.</span> 
     </span>
    </p>

    <p class='ocr_par' dir='ltr' id='par_1_48' title="bbox 1180 2345 2229 2422">
     <span class='ocr_line' id='line_1_95' title="bbox 1250 2345 2229 2379; baseline 0.002 -10"><span class='ocrx_word' id='word_1_649' title='bbox 1250 2345 1271 2375; x_wconf 83' lang='lat'>⁶)</span> <span class='ocrx_word' id='word_1_650' title='bbox 1296 2345 1347 2376; x_wconf 78' lang='lat' dir='ltr'>Qui</span> <span class='ocrx_word' id='word_1_651' title='bbox 1368 2346 1398 2370; x_wconf 89' lang='lat'>18</span> <span class='ocrx_word' id='word_1_652' title='bbox 1417 2346 1491 2378; x_wconf 83' lang='lat' dir='ltr'>Sept.</span> <span class='ocrx_word' id='word_1_653' title='bbox 1513 2346 1577 2372; x_wconf 83' lang='lat'>1467</span> <span class='ocrx_word' id='word_1_654' title='bbox 1596 2346 1622 2370; x_wconf 87' lang='lat' dir='ltr'>in</span> <span class='ocrx_word' id='word_1_655' title='bbox 1641 2346 1666 2371; x_wconf 75' lang='lat' dir='ltr'>S.</span> <span class='ocrx_word' id='word_1_656' title='bbox 1687 2346 1718 2371; x_wconf 82' lang='lat' dir='ltr'>R.</span> <span class='ocrx_word' id='word_1_657' title='bbox 1738 2346 1768 2371; x_wconf 88' lang='grc' dir='ltr'>Ε.</span> <span class='ocrx_word' id='word_1_658' title='bbox 1787 2346 1860 2371; x_wconf 74' lang='lat' dir='ltr'>card.</span> <span class='ocrx_word' id='word_1_659' title='bbox 1879 2349 2022 2379; x_wconf 87' lang='lat' dir='ltr'>promotus</span> <span class='ocrx_word' id='word_1_660' title='bbox 2038 2347 2151 2371; x_wconf 78' lang='lat' dir='ltr'>retinuit</span> <span class='ocrx_word' id='word_1_661' title='bbox 2167 2346 2229 2371; x_wconf 89' lang='lat' dir='ltr'>eccl.</span> 
     </span>
     <span class='ocr_line' id='line_1_96' title="bbox 1180 2389 1554 2422; baseline 0 -8"><span class='ocrx_word' id='word_1_662' title='bbox 1180 2389 1320 2422; x_wconf 86' lang='lat' dir='ltr'>Andegav.</span> <span class='ocrx_word' id='word_1_663' title='bbox 1359 2389 1412 2414; x_wconf 86' lang='lat' dir='ltr'>Cfr.</span> <span class='ocrx_word' id='word_1_664' title='bbox 1434 2389 1554 2415; x_wconf 87' lang='lat' dir='ltr'>Aeduen.</span> 
     </span>
    </p>

    <p class='ocr_par' dir='ltr' id='par_1_49' title="bbox 1251 2433 1640 2464">
     <span class='ocr_line' id='line_1_97' title="bbox 1251 2433 1640 2464; baseline 0 -6"><span class='ocrx_word' id='word_1_665' title='bbox 1251 2433 1272 2464; x_wconf 93' lang='lat'>⁷)</span> <span class='ocrx_word' id='word_1_666' title='bbox 1293 2433 1330 2459; x_wconf 75' lang='lat' dir='ltr'>Et</span> <span class='ocrx_word' id='word_1_667' title='bbox 1355 2442 1403 2458; x_wconf 87' lang='lat' dir='ltr'>res.</span> <span class='ocrx_word' id='word_1_668' title='bbox 1429 2433 1516 2459; x_wconf 80' lang='lat' dir='ltr'>Caroli</span> <span class='ocrx_word' id='word_1_669' title='bbox 1540 2433 1640 2459; x_wconf 83' lang='lat' dir='ltr'>admin.</span> 
     </span>
    </p>

    <p class='ocr_par' dir='ltr' id='par_1_50' title="bbox 1179 2477 2233 2733">
     <span class='ocr_line' id='line_1_98' title="bbox 1248 2477 2232 2511; baseline 0.001 -9"><span class='ocrx_word' id='word_1_670' title='bbox 1248 2477 1270 2508; x_wconf 80' lang='lat'>⁸)</span> <span class='ocrx_word' id='word_1_671' title='bbox 1295 2477 1329 2502; x_wconf 76' lang='lat' dir='ltr'>In</span> <span class='ocrx_word' id='word_1_672' title='bbox 1355 2477 1456 2502; x_wconf 78' lang='lat' dir='ltr'>admin.</span> <span class='ocrx_word' id='word_1_673' title='bbox 1483 2486 1570 2510; x_wconf 86' lang='lat' dir='ltr'>usque</span> <span class='ocrx_word' id='word_1_674' title='bbox 1584 2478 1618 2502; x_wconf 82' lang='lat' dir='ltr'>ad</span> <span class='ocrx_word' id='word_1_675' title='bbox 1635 2487 1658 2503; x_wconf 82' lang='lat' dir='ltr'>a.</span> <span class='ocrx_word' id='word_1_676' title='bbox 1675 2479 1717 2507; x_wconf 83' lang='lat'>25,</span> <span class='ocrx_word' id='word_1_677' title='bbox 1732 2478 1795 2503; x_wconf 86' lang='lat' dir='ltr'>dein</span> <span class='ocrx_word' id='word_1_678' title='bbox 1811 2479 1837 2503; x_wconf 92' lang='lat' dir='ltr'>in</span> <span class='ocrx_word' id='word_1_679' title='bbox 1852 2487 1942 2511; x_wconf 89' lang='lat' dir='ltr'>epum.</span> <span class='ocrx_word' id='word_1_680' title='bbox 1967 2493 2002 2496; x_wconf 94' lang='lat'>—</span> <span class='ocrx_word' id='word_1_681' title='bbox 2021 2478 2054 2504; x_wconf 91' lang='lat' dir='ltr'>In</span> <span class='ocrx_word' id='word_1_682' title='bbox 2074 2479 2232 2504; x_wconf 81' lang='lat' dir='ltr'>consistorio</span> 
     </span>
     <span class='ocr_line' id='line_1_99' title="bbox 1179 2521 2232 2556; baseline 0.002 -10"><span class='ocrx_word' id='word_1_683' title='bbox 1179 2521 1223 2546; x_wconf 82' lang='lat' dir='ltr'>die</span> <span class='ocrx_word' id='word_1_684' title='bbox 1252 2522 1268 2546; x_wconf 84' lang='lat'><strong>3</strong></span> <span class='ocrx_word' id='word_1_685' title='bbox 1299 2521 1364 2547; x_wconf 83' lang='lat' dir='ltr'>Jun.</span> <span class='ocrx_word' id='word_1_686' title='bbox 1399 2522 1465 2546; x_wconf 84' lang='lat'>1499</span> <span class='ocrx_word' id='word_1_687' title='bbox 1494 2522 1590 2547; x_wconf 78' lang='lat' dir='ltr'>habito</span> <span class='ocrx_word' id='word_1_688' title='bbox 1611 2525 1815 2555; x_wconf 76' lang='lat' dir='ltr'>praesentatum</span> <span class='ocrx_word' id='word_1_689' title='bbox 1836 2522 1889 2548; x_wconf 79' lang='lat' dir='ltr'>fuit</span> <span class='ocrx_word' id='word_1_690' title='bbox 1909 2523 2071 2548; x_wconf 78' lang='lat' dir='ltr'>mandatum</span> <span class='ocrx_word' id='word_1_691' title='bbox 2093 2522 2232 2556; x_wconf 81' lang='lat' dir='ltr'>quoddam</span> 
     </span>
     <span class='ocr_line' id='line_1_100' title="bbox 1179 2565 2232 2599; baseline 0.002 -9"><span class='ocrx_word' id='word_1_692' title='bbox 1179 2565 1275 2590; x_wconf 76' lang='lat' dir='ltr'>decani</span> <span class='ocrx_word' id='word_1_693' title='bbox 1298 2569 1326 2590; x_wconf 77' lang='lat' dir='ltr'>et</span> <span class='ocrx_word' id='word_1_694' title='bbox 1354 2565 1467 2599; x_wconf 87' lang='lat' dir='ltr'>capituli</span> <span class='ocrx_word' id='word_1_695' title='bbox 1494 2566 1557 2591; x_wconf 86' lang='lat' dir='ltr'>eccl.</span> <span class='ocrx_word' id='word_1_696' title='bbox 1586 2566 1760 2599; x_wconf 83' lang='lat' dir='ltr'>Andegaven.</span> <span class='ocrx_word' id='word_1_697' title='bbox 1786 2566 1821 2592; x_wconf 79' lang='lat' dir='ltr'>ad</span> <span class='ocrx_word' id='word_1_698' title='bbox 1849 2567 1874 2592; x_wconf 79' lang='lat' dir='ltr'>S.</span> <span class='ocrx_word' id='word_1_699' title='bbox 1902 2567 1938 2597; x_wconf 61' lang='lat' dir='ltr'>S„</span> <span class='ocrx_word' id='word_1_700' title='bbox 1967 2566 2063 2592; x_wconf 81' lang='lat' dir='ltr'>datum</span> <span class='ocrx_word' id='word_1_701' title='bbox 2090 2569 2118 2592; x_wconf 90' lang='lat' dir='ltr'>et</span> <span class='ocrx_word' id='word_1_702' title='bbox 2139 2570 2232 2592; x_wconf 79' lang='lat' dir='ltr'>actum</span> 
     </span>
     <span class='ocr_line' id='line_1_101' title="bbox 1181 2609 2233 2644; baseline 0.002 -10"><span class='ocrx_word' id='word_1_703' title='bbox 1181 2609 1337 2643; x_wconf 78' lang='lat' dir='ltr'>Andegavis</span> <span class='ocrx_word' id='word_1_704' title='bbox 1370 2610 1402 2634; x_wconf 83' lang='grc'>24</span> <span class='ocrx_word' id='word_1_705' title='bbox 1435 2610 1499 2635; x_wconf 84' lang='lat' dir='ltr'>Maii</span> <span class='ocrx_word' id='word_1_706' title='bbox 1534 2611 1608 2640; x_wconf 73' lang='lat'>1499,</span> <span class='ocrx_word' id='word_1_707' title='bbox 1640 2611 1791 2640; x_wconf 78' lang='lat' dir='ltr'>continens,</span> <span class='ocrx_word' id='word_1_708' title='bbox 1823 2610 1897 2644; x_wconf 92' lang='lat' dir='ltr'>quod</span> <span class='ocrx_word' id='word_1_709' title='bbox 1922 2611 2049 2636; x_wconf 88' lang='lat' dir='ltr'>omnibus</span> <span class='ocrx_word' id='word_1_710' title='bbox 2072 2614 2101 2636; x_wconf 89' lang='lat' dir='ltr'>et</span> <span class='ocrx_word' id='word_1_711' title='bbox 2121 2611 2233 2644; x_wconf 84' lang='lat' dir='ltr'>singulis</span> 
     </span>
     <span class='ocr_line' id='line_1_102' title="bbox 1180 2653 2233 2688; baseline 0.002 -10"><span class='ocrx_word' id='word_1_712' title='bbox 1180 2653 1281 2679; x_wconf 88' lang='lat' dir='ltr'>ibidem</span> <span class='ocrx_word' id='word_1_713' title='bbox 1307 2655 1477 2687; x_wconf 75' lang='lat' dir='ltr'>congregatis</span> <span class='ocrx_word' id='word_1_714' title='bbox 1501 2654 1535 2679; x_wconf 84' lang='lat' dir='ltr'>ad</span> <span class='ocrx_word' id='word_1_715' title='bbox 1560 2654 1768 2680; x_wconf 83' lang='lat' dir='ltr'>deliberandum</span> <span class='ocrx_word' id='word_1_716' title='bbox 1792 2654 1826 2679; x_wconf 89' lang='lat' dir='ltr'>de</span> <span class='ocrx_word' id='word_1_717' title='bbox 1849 2655 1976 2688; x_wconf 80' lang='lat' dir='ltr'>episcopo</span> <span class='ocrx_word' id='word_1_718' title='bbox 2000 2655 2084 2688; x_wconf 84' lang='lat' dir='ltr'>ipsius</span> <span class='ocrx_word' id='word_1_719' title='bbox 2106 2655 2169 2680; x_wconf 88' lang='lat' dir='ltr'>ecel.</span> <span class='ocrx_word' id='word_1_720' title='bbox 2186 2663 2233 2688; x_wconf 87' lang='lat' dir='ltr'>per</span> 
     </span>
     <span class='ocr_line' id='line_1_103' title="bbox 1180 2698 2232 2733; baseline 0.001 -10"><span class='ocrx_word' id='word_1_721' title='bbox 1180 2698 1223 2723; x_wconf 85' lang='lat' dir='ltr'>ob.</span> <span class='ocrx_word' id='word_1_722' title='bbox 1255 2698 1372 2723; x_wconf 70' lang='lat' dir='ltr'>Joannis</span> <span class='ocrx_word' id='word_1_723' title='bbox 1401 2698 1434 2723; x_wconf 89' lang='lat' dir='ltr'>de</span> <span class='ocrx_word' id='word_1_724' title='bbox 1464 2698 1534 2731; x_wconf 86' lang='lat' dir='ltr'>Rely</span> <span class='ocrx_word' id='word_1_725' title='bbox 1562 2707 1619 2723; x_wconf 83' lang='lat' dir='ltr'>vae.</span> <span class='ocrx_word' id='word_1_726' title='bbox 1650 2699 1773 2732; x_wconf 82' lang='lat' dir='ltr'>eligendo</span> <span class='ocrx_word' id='word_1_727' title='bbox 1801 2699 1905 2732; x_wconf 81' lang='lat' dir='ltr'>placuit</span> <span class='ocrx_word' id='word_1_728' title='bbox 1933 2702 2023 2724; x_wconf 87' lang='lat' dir='ltr'>totum</span> <span class='ocrx_word' id='word_1_729' title='bbox 2047 2699 2074 2724; x_wconf 93' lang='lat' dir='ltr'>id</span> <span class='ocrx_word' id='word_1_730' title='bbox 2093 2699 2232 2733; x_wconf 83' lang='lat' dir='ltr'>negotium</span> 
     </span>
    </p>
   </div>
   <div class='ocr_carea' id='block_1_40' title="bbox 1125 2742 2233 2776">
    <p class='ocr_par' dir='ltr' id='par_1_51' title="bbox 1125 2742 2233 2776">
     <span class='ocr_line' id='line_1_104' title="bbox 1125 2742 2233 2776; baseline 0.003 -10"><span class='ocrx_word' id='word_1_731' title='bbox 1125 2755 1126 2767; x_wconf 55' lang='grc' dir='ltr'>ι</span> <span class='ocrx_word' id='word_1_732' title='bbox 1180 2742 1319 2767; x_wconf 75' lang='lat' dir='ltr'>electionis</span> <span class='ocrx_word' id='word_1_733' title='bbox 1338 2746 1366 2767; x_wconf 86' lang='lat' dir='ltr'>et</span> <span class='ocrx_word' id='word_1_734' title='bbox 1386 2743 1548 2775; x_wconf 82' lang='lat' dir='ltr'>provisionis</span> <span class='ocrx_word' id='word_1_735' title='bbox 1567 2743 1653 2768; x_wconf 80' lang='lat' dir='ltr'>futuri</span> <span class='ocrx_word' id='word_1_736' title='bbox 1671 2743 1790 2776; x_wconf 82' lang='lat' dir='ltr'>episcopi</span> <span class='ocrx_word' id='word_1_737' title='bbox 1810 2743 1837 2768; x_wconf 89' lang='lat' dir='ltr'>in</span> <span class='ocrx_word' id='word_1_738' title='bbox 1856 2743 2001 2768; x_wconf 78' lang='lat' dir='ltr'>arbitrium</span> <span class='ocrx_word' id='word_1_739' title='bbox 2022 2743 2047 2769; x_wconf 88' lang='lat' dir='ltr'>S.</span> <span class='ocrx_word' id='word_1_740' title='bbox 2070 2744 2095 2769; x_wconf 90' lang='lat' dir='ltr'>S.</span> <span class='ocrx_word' id='word_1_741' title='bbox 2116 2746 2145 2769; x_wconf 82' lang='lat' dir='ltr'>et</span> <span class='ocrx_word' id='word_1_742' title='bbox 2162 2743 2233 2769; x_wconf 78' lang='lat' dir='ltr'>sedis</span> 
     </span>
    </p>
   </div>
   <div class='ocr_carea' id='block_1_41' title="bbox 1181 2786 2232 2909">
    <p class='ocr_par' dir='ltr' id='par_1_52' title="bbox 1181 2786 2232 2909">
     <span class='ocr_line' id='line_1_105' title="bbox 1181 2786 2231 2821; baseline 0.002 -10"><span class='ocrx_word' id='word_1_743' title='bbox 1181 2786 1347 2819; x_wconf 70' lang='lat' dir='ltr'>apostolicae</span> <span class='ocrx_word' id='word_1_744' title='bbox 1366 2787 1512 2812; x_wconf 81' lang='lat' dir='ltr'>remittere.</span> <span class='ocrx_word' id='word_1_745' title='bbox 1550 2786 1595 2812; x_wconf 81' lang='lat' dir='ltr'>AC</span> <span class='ocrx_word' id='word_1_746' title='bbox 1614 2787 1721 2812; x_wconf 83' lang='lat' dir='ltr'>Miscell.</span> <span class='ocrx_word' id='word_1_747' title='bbox 1743 2787 1834 2812; x_wconf 90' lang='lat' dir='ltr'>XLIV</span> <span class='ocrx_word' id='word_1_748' title='bbox 1853 2788 1894 2813; x_wconf 85' lang='lat'>56.</span> <span class='ocrx_word' id='word_1_749' title='bbox 1932 2787 1965 2812; x_wconf 92' lang='lat' dir='ltr'>In</span> <span class='ocrx_word' id='word_1_750' title='bbox 1983 2788 2092 2813; x_wconf 85' lang='lat' dir='ltr'>consist.</span> <span class='ocrx_word' id='word_1_751' title='bbox 2113 2788 2129 2813; x_wconf 88' lang='lat'>8</span> <span class='ocrx_word' id='word_1_752' title='bbox 2147 2787 2231 2821; x_wconf 85' lang='lat' dir='ltr'>April.</span> 
     </span>
     <span class='ocr_line' id='line_1_106' title="bbox 1184 2830 2231 2864; baseline 0.002 -9"><span class='ocrx_word' id='word_1_753' title='bbox 1184 2831 1261 2855; x_wconf 72' lang='grc'>1499·</span> <span class='ocrx_word' id='word_1_754' title='bbox 1269 2830 1364 2855; x_wconf 86' lang='lat' dir='ltr'>habito</span> <span class='ocrx_word' id='word_1_755' title='bbox 1382 2831 1438 2863; x_wconf 77' lang='lat' dir='ltr'>jum</span> <span class='ocrx_word' id='word_1_756' title='bbox 1458 2831 1543 2856; x_wconf 75' lang='lat' dir='ltr'>lectae</span> <span class='ocrx_word' id='word_1_757' title='bbox 1561 2834 1639 2856; x_wconf 81' lang='lat' dir='ltr'>erant</span> <span class='ocrx_word' id='word_1_758' title='bbox 1657 2831 1764 2856; x_wconf 80' lang='lat' dir='ltr'>litterae</span> <span class='ocrx_word' id='word_1_759' title='bbox 1783 2832 1851 2864; x_wconf 83' lang='lat' dir='ltr'>regis</span> <span class='ocrx_word' id='word_1_760' title='bbox 1864 2831 1994 2857; x_wconf 82' lang='lat' dir='ltr'>Franciae</span> <span class='ocrx_word' id='word_1_761' title='bbox 2008 2831 2094 2857; x_wconf 80' lang='lat' dir='ltr'>Blesis</span> <span class='ocrx_word' id='word_1_762' title='bbox 2106 2832 2140 2857; x_wconf 85' lang='lat'>26</span> <span class='ocrx_word' id='word_1_763' title='bbox 2151 2832 2231 2857; x_wconf 79' lang='lat' dir='ltr'>Mart.</span> 
     </span>
     <span class='ocr_line' id='line_1_107' title="bbox 1185 2874 2232 2909; baseline 0.003 -10"><span class='ocrx_word' id='word_1_764' title='bbox 1185 2875 1252 2899; x_wconf 83' lang='lat'>1499</span> <span class='ocrx_word' id='word_1_765' title='bbox 1277 2874 1369 2905; x_wconf 77' lang='lat' dir='ltr'>datae,</span> <span class='ocrx_word' id='word_1_766' title='bbox 1403 2876 1503 2908; x_wconf 77' lang='lat' dir='ltr'>quibus</span> <span class='ocrx_word' id='word_1_767' title='bbox 1528 2875 1683 2908; x_wconf 76' lang='lat' dir='ltr'>petebatur,</span> <span class='ocrx_word' id='word_1_768' title='bbox 1713 2879 1744 2901; x_wconf 90' lang='lat' dir='ltr'>ut</span> <span class='ocrx_word' id='word_1_769' title='bbox 1768 2876 1813 2901; x_wconf 76' lang='lat' dir='ltr'>illa</span> <span class='ocrx_word' id='word_1_770' title='bbox 1836 2876 1900 2901; x_wconf 86' lang='lat' dir='ltr'>eccl.</span> <span class='ocrx_word' id='word_1_771' title='bbox 1925 2875 2021 2902; x_wconf 83' lang='lat' dir='ltr'>Carolo</span> <span class='ocrx_word' id='word_1_772' title='bbox 2045 2876 2232 2909; x_wconf 68' lang='lat' dir='ltr'>(anciscoi)</span> 
     </span>
    </p>
   </div>
  </div>
 </body>
</html>
