2436 3328
783 172 883 216 App.
906 172 952 206 11.
976 172 1036 206 De
1058 171 1319 206 camerariam
1341 180 1370 206 s.
1396 171 1558 214 collegii.
2241 173 2281 205 59

63 270 151 308 libus,
165 271 286 311 quando
299 271 506 310 providebitur
520 271 568 300 vel
582 271 842 300 commendabitur
856 270 968 310 aliquid
983 270 1115 309 personis

62 315 124 347 uuis
142 315 190 345 vel
209 314 369 354 nepotibus
391 315 506 344 Summi
526 315 614 344 Pont.
636 319 691 344 aut
709 315 842 354 ipsorum
862 314 1058 344 cardinalium
1078 325 1114 343 ex

62 359 155 393 finti-e
178 359 226 389 vel
249 369 348 388 sorore
371 363 426 388 aut
450 369 552 389 eorum
578 359 721 388 fratribus
745 359 914 388 carnalibus
938 358 1113 393 dumtaxat;

55 402 95 436 in
114 403 222 433 ceteris
245 413 316 432 vero
340 403 422 432 nulla
447 403 503 432 fiat
526 403 668 438 remissio,
695 403 751 432 nisi
776 413 885 442 magna
909 413 999 432 causa
1024 403 1114 431 inter-

1225 324 1352 348 menses;
1379 313 1427 342 alii
1454 324 1524 342 vero
1549 315 1714 344 cardinales
1739 325 1792 343 nec
1818 325 1919 344 eorum
1946 320 2069 354 nepotes
2095 321 2149 345 aut
2174 315 2281 345 fratres

1223 358 1351 396 gratiam
1373 357 1544 396 hujusmodi
1565 369 1625 388 non
1648 363 1811 397 reportent.

1223 402 1358 440 Sequitur
1371 402 1388 431 l.
1402 411 1425 431 c.
1439 402 1539 432 cedula
1551 403 1712 432 summaria
1724 404 1798 432 anni
1810 403 1894 437 1498,
1909 414 1980 441 quae
1993 404 2049 438 suit
2062 405 2131 434 lecta
2143 415 2176 434 m
2188 415 2277 434 conm-

40 446 190 485 rmerit:
221 450 252 476 et
271 447 326 476 hoc
346 447 572 486 intelligendum
592 447 789 476 decreverunt
808 447 903 476 solum
923 447 960 476 de
980 446 1113 475 cardina·
1223 447 1309 475 storin
1320 456 1370 484 per
1379 446 1556 476 cardinalem
1566 458 1588 476 s.
1602 447 1712 481 Crucis,
1725 447 1856 483 officium
1868 449 2074 477 camerariatus
2084 449 2280 483 dimittentem,

27 483 147 531 Ἕω,
174 490 226 530 (1υᾶ
252 495 320 529 post
346 491 526 520 creationem
553 501 638 520 suam
665 491 835 520 habuerunt
861 501 893 520 os
919 496 1057 529 apertum
1085 490 1114 519 in
1224 500 1309 528 quam
1328 491 1403 528 leqas
1422 491 1502 528 apud
1522 492 1736 520 Korzem'owskz'
1757 492 1920 530 „Excerpta
1939 503 1953 520 e
1973 492 2054 521 libris
2073 494 2280 531 manuscriptis·

16 525 235 576 ,z'ssffQnsistorio
258 539 289 564 et
313 535 434 564 fuerunt
457 535 619 574 aliquando
642 535 673 564 iu
696 535 784 564 Rom.
809 535 896 564 Curia
921 539 989 573 post
1012 545 1113 563 eorum
1362 535 1508 564 consistor.
1534 536 1637 564 Rom.“
1680 536 1796 573 (Script.
1822 536 1886 564 Rer.
1912 536 2012 565 Polon.
2035 542 2053 565 ι.
2077 537 2157 573 XV).

35 633 38 642 ἶ
338 639 380 673 Β.
428 638 643 674 Camerarii
666 648 694 673 s.
719 638 873 683 collegii
896 639 1011 673 annis
1035 637 1290 673 1431—1503
1313 639 1356 674 hi
1379 639 1415 673 S.
1439 640 1482 674 R.
1506 640 1550 674 E.
1574 640 1796 675 cardinales
1823 641 1999 676 fuerunt:

61 719 183 755 1431s37
206 720 336 749 Lueidus
356 720 393 750 de
413 720 529 750 Comite
828 721 899 750 1459
923 720 1056 749 Joannes
1076 720 1112 749 de
1134 721 1221 749 Mella
1594 722 1666 751 1479
1690 722 1829 751 Julianus
1850 722 1887 751 de
1909 723 2027 751 Ruvere

60 763 133 793 1437
154 763 334 801 Angelottus
356 764 468 794 Fuscus
827 765 901 793 1460
922 764 1027 793 Petrus
1050 765 1166 794 Barbus
1594 766 1668 794 1480
1690 766 1823 795 Joannes
1844 766 1933 804 Bapt.
1957 767 2036 795 Zeno

61 808 134 837 1438
155 807 331 837 Dominicus
350 808 514 846 Capranica
827 810 896 837 1461
921 809 1089 837 Alexander
1109 809 1146 837 de
1169 809 1360 838 Saxoferrato
1594 810 1664 838 1481
1691 809 1861 848 Stephanus
1882 811 2007 839 Nardini

61 851 134 880 1439
155 851 282 890 Prosper
301 852 338 881 de
359 852 504 882 Columna
826 875 898 904 1462
922 852 936 935 {
958 852 1097 881 Nicolaus
1119 853 1307 891 Fortiguerra
1594 855 1666 882 1482
1688 854 1801 883 Auxias
1822 854 1858 883 de
1880 855 1974 884 Podio

61 895 136 924 1440
157 895 322 925 Guilelmus
342 896 378 925 de
400 897 598 926 Estoutevilla
958 896 1090 926 Jacobus
1111 897 1254 926 Amanati
1594 899 1666 926 1483
1689 898 1822 928 Joannes
1842 899 2053 928 Arcimboldus

61 939 132 968 1441
156 939 312 969 Bessarion
333 940 571 978 Trapezuntinus
826 942 898 970 1463
921 940 1060 970 Nicolaus
1080 941 1117 969 de
1139 941 1215 970 Cusa
1726 942 1859 971 Joannes
1880 943 1970 981 Bapt.
1993 943 2076 981 Cybo

61 983 134 1012 1442
156 983 296 1013 Nicolaus
315 984 352 1013 de
373 984 566 1023 Acciapaccio
826 986 897 1014 1464
921 984 1053 1014 Jacobus
1074 985 1216 1014 Amanati
1594 965 1665 993 ¹484
1687 941 1702 1024 i
1725 986 1858 1016 Joannes
1879 987 1916 1016 de
1937 987 2089 1016 Michaelis

61 1027 134 1057 1443
156 1027 288 1057 Joannes
308 1027 345 1057 de
366 1028 549 1066 Tagliacotio
826 1053 893 1081 146,
919 1028 933 1110 {
958 1029 1126 1058 Ludovicus
1146 1029 1183 1058 de
1204 1029 1345 1058 Alebreto
1593 1031 1665 1059 1485
1687 1030 1766 1059 idem
1789 1031 1836 1060 Jo.
1859 1031 1896 1060 de
1917 1031 2005 1060 Mich.

61 1071 134 1100 1444
154 1071 295 1100 Albertus
315 1071 351 1101 de
371 1072 501 1101 Albertis
880 1064 896 1081 '³
958 1072 1121 1102 Guilelmus
1142 1073 1178 1102 de
1200 1073 1399 1102 Estoutevilla
1593 1075 1666 1103 1486
1690 1074 1832 1113 Georgius
1853 1075 1889 1104 de
1911 1075 2000 1104 Costa

61 1115 134 1144 1445
154 1115 261 1145 Petrus
282 1115 398 1145 Barbus
825 1119 897 1147 1466
920 1116 1089 1146 Bernardus
1110 1117 1192 1146 Eruli
1593 1119 1663 1147 1487
1667 1120 1714 1153 s91
1742 1142 2273 1150 ...............

61 1159 134 1188 1446
155 1159 288 1188 Joannes
307 1159 344 1188 de
365 1160 589 1189 Turrecremata
824 1163 895 1192 1467
919 1160 1075 1190 Bessarion
1097 1161 1335 1199 Trapezuntinus
1593 1163 1665 1190 1492
1687 1163 1866 1192 Laurentius
1887 1163 1970 1201 Cybo

61 1203 132 1233 1447
155 1202 298 1242 Georgius
317 1203 354 1232 de
376 1203 471 1233 F'lisco
824 1207 897 1235 1468
920 1204 1084 1234 Guilelmus
1104 1205 1141 1234 de
1162 1205 1362 1234 Estoutevilla
1592 1207 1665 1235 1493
1686 1207 1884 1236 Antoniottus
1906 1208 2080 1237 Pallavicini

61 1247 134 1276 1448
154 1247 327 1276 Dominicus
347 1247 511 1286 Capranica
823 1251 896 1279 1469
919 1249 1052 1278 -Joannes
1073 1249 1211 1288 Carvajal
1592 1251 1664 1279 1494
1705 1274 2272 1282 ................

59 1290 133 1320 1449
153 1290 308 1329 Astorgius
329 1291 436 1330 Agnesi
824 1295 897 1324 1470
918 1293 1043 1322 Latinus
1063 1293 1100 1322 de
1121 1293 1236 1323 Ursinis
1591 1295 1664 1324 1495
1687 1295 1820 1324 Joannes
1841 1295 1931 1334 Bapt.
1954 1295 1990 1325 de
2012 1296 2127 1325 Ursinis

60 1334 134 1364 1450
153 1334 285 1364 Isidorus
305 1335 468 1365 Kiewensis
824 1339 893 1368 1471
917 1337 1073 1376 Philippus
1093 1337 1263 1366 Calandrini
1591 1339 1714 1374 1496l97
1741 1362 2272 1370 ...............

59 1378 130 1409 1461
151 1377 277 1408 Latinus
297 1379 334 1408 de
354 1379 470 1409 Ursinis
823 1383 895 1412 1472
918 1381 1080 1410 Rodericus
1101 1381 1138 1410 de
1159 1381 1250 1420 Borja
1591 1383 1664 1411 1498
1685 1383 1888 1413 Bemardinus
1909 1384 2047 1423 Carvajal

59 1422 132 1452 1452
154 1421 317 1452 Guilelmus
337 1423 374 1452 de
397 1423 509 1462 Stagno
823 1428 895 1457 1473
919 1424 1083 1454 Guilelmus
1103 1425 1139 1454 de
1162 1426 1360 1455 Estoutevilla
1591 1427 1663 1456 1499
1686 1426 1934 1457 Bartholomaeus
1955 1428 2077 1457 Martini

59 1466 132 1496 1453
150 1465 264 1496 Alanus
284 1466 411 1506 Coetivy
823 1472 895 1501 1474
918 1469 1087 1498 Bernardus
1108 1470 1190 1499 Eruli
1591 1472 1664 1500 1500
1703 1494 2271 1502 ................

57 1509 181 1544 1454155
202 1510 357 1549 Philippus
377 1511 547 1541 Calandrini
823 1516 894 1545 1475
917 1513 1165 1543 Bartholomaeus
1186 1514 1342 1543 Roverella
1591 1515 1661 1544 1501
1686 1515 1819 1545 Joannes
1840 1516 1938 1554 Lopez

57 1553 131 1584 1456
150 1554 300 1584 Antonius
320 1555 357 1584 de
377 1556 405 1585 la
426 1556 520 1585 Cerda
823 1560 895 1589 1476
919 1557 1051 1587 Jacobus
1071 1558 1214 1587 Amanati
1590 1559 1662 1588 1502
1702 1582 2271 1591 ................

57 1597 129 1628 1457
149 1598 265 1628 Aeneas
285 1599 322 1628 de
343 1599 591 1630 Piccolominibus
823 1604 894 1633 1477
916 1601 1063 1631 Oliverius
1084 1602 1203 1631 Caraffa
1590 1604 1661 1632 1503
1684 1603 1859 1633 Franciscus
1881 1603 1980 1642 Borja.

57 1641 130 1672 1458
152 1642 284 1672 Jacobus
305 1643 428 1673 Tebaldi
823 1649 895 1677 1478
916 1645 1033 1675 Marcus
1055 1646 1171 1675 Barbus

961 1910 1087 1959 Pars
1126 1912 1369 1972 secunda,

94 2009 141 2052 in
175 2024 267 2067 qua
300 2009 340 2053 S.
375 2010 424 2054 R.
458 2010 506 2054 Ε.
539 2011 814 2067 Cardinales,
847 2014 926 2072 qui
961 2014 1007 2057 in
1042 2021 1168 2073 parte
1202 2016 1351 2074 prima
1384 2017 1778 2060 enumerabantur
1812 2018 1972 2062 ordine
2006 2018 2224 2073 chronol.,

643 2090 939 2127 recensentur
971 2085 1229 2129 secundum
1262 2087 1469 2146 ipsorum
1501 2088 1671 2131 titulos.

982 2260 1030 2295 A.
1076 2261 1342 2305 Episcopi.

1055 2346 1274 2378 Albanen.

54 2399 227 2440 (Jordanus
248 2402 286 2436 de
308 2402 429 2433 Ursinis
452 2403 490 2442 (1,
513 2405 555 2443 4),
589 2404 639 2435 tit.
661 2415 685 2435 s.
708 2405 800 2436 Laur.
823 2406 853 2437 in
876 2406 968 2437 Dam.
992 2407 1103 2448 presb.,
1127 2411 1165 2439 tr.
1191 2410 1266 2439 1412
1290 2409 1375 2450 Sept.
1398 2410 1446 2446 23,
1468 2409 1539 2440 dein
1563 2411 1650 2449 (1431
1675 2410 1767 2441 Mart.
1794 2411 1841 2450 14)
1865 2411 1904 2442 ad
1929 2411 2106 2451 Sabinen.;)

54 2451 179 2494 (Petrus
199 2453 238 2485 de
259 2454 349 2486 Fuxo
371 2455 407 2487 Ο.
429 2456 516 2493 Min.‚
551 2457 600 2487 tit.
624 2468 648 2487 S.
674 2457 782 2499 steph.
806 2459 837 2489 in
860 2459 892 2490 C.
916 2459 969 2497 M.,
993 2463 1031 2491 tr.
1058 2461 1129 2491 1431
1156 2461 1247 2492 Mart.
1275 2462 1320 2498 14,
1355 2462 1373 2501 †
1398 2463 1474 2492 1464
1496 2462 1571 2493 Dec.
1598 2464 1662 2502 13;)

53 2504 232 2538 Ludovicus
255 2507 426 2550 Scarampi,
460 2510 510 2540 tit.
533 2520 556 2540 s.
579 2509 671 2541 Laur.
695 2511 725 2541 in
748 2512 851 2548 Dam„
874 2503 913 2543 tr.
939 2514 1014 2543 1465
1037 2514 1109 2545 Jan.
1132 2515 1161 2551 8,
1194 2515 1213 2553 †
1236 2515 1312 2545 1465
1334 2514 1425 2546 Mart.
1448 2517 1501 2552 22;

36 2557 185 2590 ¹Latinus
207 2559 319 2598 Orsini,
352 2562 403 2593 tit.
424 2573 463 2593 ss.
487 2562 561 2594 Joh.
583 2566 616 2594 et
636 2563 735 2601 Pauli,
758 2569 796 2595 tr.
822 2566 897 2595 1465
920 2565 994 2596 Jun.
1017 2566 1044 2602 7,
1067 2570 1105 2597 tr.
1128 2567 1167 2597 ad
1189 2567 1354 2598 Tusculan.
1379 2569 1455 2599 1468
1477 2568 1546 2599 Oct.
1572 2570 1621 2606 14;

53 2610 217 2654 Philippus
237 2613 425 2652 Oalandrini,
458 2615 509 2646 tit.
531 2626 555 2647 s.
578 2616 671 2647 Laur.
694 2617 724 2647 in
747 2617 833 2654 Luc„
857 2621 895 2648 tr.
922 2619 997 2649 1468
1019 2619 1088 2650 Oct.
1114 2621 1159 2656 14,
1182 2624 1220 2651 tr.
1243 2620 1283 2651 ad
1306 2620 1453 2652 Portuen.
1479 2622 1551 2652 1471
1576 2622 1655 2662 Aug.
1678 2623 1731 2659 303

53 2663 225 2696 Rodericus
245 2665 285 2697 de
305 2666 542 2710 Lanzol-Borja,
576 2680 600 2700 s.
624 2669 744 2701 Nicolai
767 2670 858 2707 diac„
882 2675 919 2702 tr.
947 2671 1016 2702 147]
1046 2672 1123 2713 Aug.
1147 2673 1195 2709 30,
1219 2677 1257 2704 tr.
1282 2673 1327 2704 ad'
1345 2674 1492 2705 Portuen.
1520 2675 1594 2705 1476
1619 2675 1683 2705 Jul.
1707 2676 1760 2711 24;

54 2716 208 2749 Oliverius
229 2718 350 2757 Carasa,
384 2721 434 2751 tit.
457 2732 481 2752 s.
506 2721 642 2759 Eusebii,
666 2726 704 2753 tr.
732 2723 807 2754 1476
831 2723 895 2754 Jul.
919 2726 967 2761 24,
992 2729 1029 2755 tr.
1053 2725 1093 2756 ad
1119 2725 1263 2757 Sabinen.
1292 2727 1366 2757 1483
1390 2727 1463 2758 Jan.
1487 2729 1540 2764 31;

57 2770 196 2802 Joannes
218 2771 325 2810 Balue,
358 2773 408 2804 tit.
431 2784 456 2805 s.
481 2774 652 2812 Susannae,
676 2779 715 2807 tr.
742 2778 817 2807 1483
842 2777 914 2807 Jan.
938 2779 986 2814 31,
1010 2781 1048 2808 tr.
1072 2778 1111 2808 ad
1136 2778 1327 2810 Praenestin.
1353 2781 1425 2811 1491
1451 2780 1544 2811 Mart.
1571 2782 1620 2817 14;

55 2823 193 2855 Joannes
214 2824 253 2855 de
275 2824 442 2863 Michaelis,
476 2827 526 2858 tit.
549 2839 573 2859 s.
596 2828 742 2866 Marcelli,
766 2834 804 2860 tr.
832 2831 900 2859 1491
929 2830 1020 2861 Mart,
1048 2832 1091 2867 14,
1115 2835 1153 2862 tr.
1177 2831 1216 2862 ad
1240 2832 1431 2864 Praenestin.
1457 2835 1530 2863 1491
1555 2833 1624 2865 Oct.
1651 2835 1701 2870 10;

54 2875 205 2918 Georgius
225 2877 329 2914 Costa,
362 2879 412 2910 tit.
433 2890 458 2910 s.
480 2879 596 2911 Mariae
617 2885 656 2912 tr.
678 2882 758 2919 Tib„
780 2886 819 2913 tr.
844 2884 916 2913 1491
942 2883 1010 2914 Oct.
1036 2885 1081 2920 10,
1104 2889 1142 2915 tr.
1165 2884 1202 2915 ad
1226 2885 1391 2916 Tusculan.
1416 2887 1486 2916 1501
1514 2886 1587 2917 Maii
1612 2888 1661 2923 14;

52 2927 239 2961 Laurentius
261 2930 358 2971 Cybc'),
392 2932 442 2963 tit.
465 2943 489 2963 s.
513 2933 619 2971 Marci,
643 2938 682 2965 tr.
710 2936 779 2965 1501
808 2935 880 2966 Maii
908 2937 953 2972 14,
979 2940 1016 2967 tr.
1041 2936 1079 2967 ad
1106 2937 1296 2969 praenestin.
1325 2939 1399 2969 1503
1422 2939 1503 2970 Nov.
1528 2941 1580 2976 293

2053 2997 2098 3029 8*

1224 270 1443 299 cardinalatum
1471 271 1646 300 continuate
1675 271 1720 299 vel
1749 270 1928 308 interpolate
1957 271 1995 300 ad
2025 271 2122 301 minus
2151 282 2202 311 per
2229 282 2279 301 sex
2326 286 2332 294 -
