2436 3328
770 166 872 212 App.
895 168 922 203 1.
945 168 1235 204 Annotationes
1258 168 1311 204 ad.
1333 171 1434 214 part.
1456 171 1476 204 I

15 266 197 301 bssrdmfllem
221 266 259 296 de
285 266 402 305 Borgia,
431 266 500 295 licet
526 266 603 295 forte
629 271 702 297 tunc
729 267 821 297 etiam
848 267 886 296 ab
914 267 994 297 Urbe

15 308 180 347 thurum.
220 310 329 340 Burch.
351 310 433 340 Diar.
456 311 474 339 l.
496 321 520 340 c.
544 310 584 345 ΙΙ,
606 313 672 341 569

63 356 148 398 fiffl.
172 356 211 386 15
243 354 317 384 feria
341 354 389 383 III
414 355 533 384 recessit
558 355 597 383 ab
622 355 702 385 Urbe
726 355 806 385 card.
835 355 994 385 Grimanus

25 416 40 439 ι,
52 402 53 407 ’
63 409 65 411 “
96 421 107 427 ι-
127 399 269 431 Venetia-s
285 409 339 438 pro
356 398 531 428 liberatione
548 399 672 429 Antonii
692 400 826 429 Grimani
843 399 992 438 genitoris,

37 438 115 482 ..C-‘m
128 444 192 474 dies
207 443 318 473 ibidem
335 443 577 481 exspectabatur,
591 454 643 481 per
656 444 831 474 Dominium
843 444 992 478 detentus,

124 488 202 518 dus.
243 487 277 516 L.
299 497 323 516 c.
346 497 374 525 p.
397 489 557 517 569—570.

71 527 164 564 Nou.
187 532 225 562 16
257 531 371 561 reditus
393 531 472 560 card.
496 531 533 560 de
556 531 671 561 Ursinis
694 534 743 569 (ex
765 532 815 561 illa
838 532 993 570 legatione,

61 585 135 617 gqua
158 586 248 615 supra
273 586 301 605 n.
327 577 405 612 617).
453 575 502 604 Ac
526 575 646 606 Miscell.
673 577 730 611 ΙΙΙ,
756 578 783 606 9.

57 616 62 640 ἶ
90 621 164 651 Nm).
188 620 225 650 21
261 619 308 649 die
334 620 420 649 Jovis
444 624 514 658 post
537 620 698 658 prandium
721 620 801 649 card.
827 630 849 649 s.
878 619 994 658 Georgii

74 664 165 695 ‘tavit
178 675 248 694 cum
263 663 323 693 suis
338 664 377 693 ad
393 663 584 693 venationem
600 668 630 693 et
645 664 751 694 deinde
767 675 797 693 se
812 664 941 693 contulit
956 664 994 693 ad

19 745 22 747 Α
44 708 324 743 ¹attamrotundum,
338 708 376 737 de
389 718 449 747 quo
463 708 527 737 loco
537 713 606 746 post
621 718 733 747 paucos
749 708 811 737 dies
828 708 948 737 recessit
964 712 994 737 et

11 749 69 798 fur
88 753 186 788 devia,
206 763 275 782 cum
297 763 357 781 non
370 751 509 781 omnibus
520 752 693 787 confideret,
711 752 914 791 pertransiens
926 763 994 781 cum

12 797 119 839 numia
134 797 330 827 servitoribus
346 796 407 826 suis
423 796 461 825 ad
480 796 641 825 sarzanam
658 796 803 835 pervenit,
828 796 876 825 ubi
895 796 993 825 decre

13 840 62 872 vit
81 841 303 881 aliquantulum
329 840 446 870 morari.
476 840 584 869 Burch.
612 840 693 869 Diar.
719 841 737 870 l.
759 851 783 870 c.
810 841 850 875 ΙΙ,
871 842 928 870 578
948 851 970 870 s.

498 895 596 930 1500.

90 947 163 976 Jtm.
175 946 213 975 14
235 946 364 975 Romam
375 946 459 975 venit
469 945 602 980 nuntius,
614 945 696 975 card.
709 946 850 984 Borgiam
862 946 930 981 (IX,
945 947 993 984 20)

14 999 52 1021 ex
64 990 210 1025 Bononia,
223 994 259 1019 ut
269 990 398 1019 Romam
409 989 502 1019 veloci
514 1000 633 1019 accessu
644 989 768 1024 veniret,
783 989 932 1019 Urbinum
942 1000 993 1028 ap-

17 1034 156 1075 plicuisse
169 1039 201 1064 et
212 1034 254 1064 ibi
266 1034 296 1063 in
309 1034 415 1063 febrim
426 1033 563 1063 incidisse
576 1033 698 1063 medicis
711 1034 798 1063 valde
808 1039 992 1072 suspectam;

14 1081 142 1119 ofl'ptura
152 1083 255 1108 tamen
266 1078 341 1107 arcis
352 1077 528 1107 Forolivien.
541 1078 693 1107 intellecta
705 1088 816 1116 equum
828 1078 994 1107 ascendisse

14 1123 129 1155 iturum
151 1122 333 1152 Forolivium
356 1122 395 1151 ad
418 1122 525 1151 ducem
547 1122 742 1151 Valentinum
767 1122 934 1159 (Caesarem
957 1122 994 1151 de

15 1167 146 1206 Bergk),
169 1166 195 1196 ei
216 1166 494 1205 congratulaturum
515 1166 552 1195 de
574 1166 710 1200 victoria,
734 1166 794 1201 sed,
818 1177 887 1195 cum
909 1167 994 1195 celeri

14 1219 136 1242 aeneam
150 1211 261 1240 Forum
279 1210 487 1248 Sempronium
502 1210 695 1248 pervenisset,
713 1210 820 1239 febrim
837 1211 994 1240 vehemen-

15 1254 163 1287 timimam
178 1254 306 1289 rediisse,
329 1254 366 1283 de
383 1264 442 1292 qua
464 1254 630 1293 exspiravit
651 1255 681 1283 in
704 1259 800 1289 nocte,
824 1259 893 1293 post
915 1255 995 1284 diem

15 1298 103 1330 Jnv’n
117 1300 153 1330 16
166 1298 239 1328 dicti
253 1298 362 1328 mensis
377 1298 397 1327 J
399 1308 446 1327 an.
475 1298 611 1328 Cadaver
625 1298 690 1337 ejus
704 1303 860 1337 portatum
875 1299 933 1328 fuit
947 1299 994 1328 die

13 1343 118 1375 Lunae
143 1344 179 1374 27
206 1342 315 1372 mensis
343 1342 472 1372 Romam
500 1347 531 1371 et
558 1342 729 1381 depositum
757 1343 787 1371 in
815 1343 936 1372 ecclesia
965 1343 992 1372 b.

12 1386 125 1419 Karine
147 1387 185 1417 de
207 1386 330 1426 Populo,
356 1386 406 1416 ubi
430 1386 511 1415 nulla
535 1386 599 1425 ejus
623 1387 766 1416 memoria
790 1387 918 1416 habetur
940 1397 994 1416 nec

13 1433 86 1463 mut
105 1431 132 1462 ei
151 1430 317 1461 celebratae
338 1430 490 1469 exequiae.
532 1431 565 1460 L.
588 1441 612 1460 c.
636 1431 694 1465 III,
719 1432 761 1460 ll.

67 1483 69 1486 ⁴
88 1471 180 1507 Mem.
196 1475 216 1504 6
241 1474 290 1504 die
307 1474 428 1504 Veneris
444 1475 524 1504 card.
545 1475 703 1504 Gurcensis
720 1475 809 1504 rediit
825 1475 864 1504 ad
882 1475 994 1505 Urbem

11 1519 58 1550 da
130 1518 212 1549 tione
228 1529 282 1548 sua
299 1519 451 1554 Perusina,
470 1519 532 1548 sine
549 1519 668 1548 licentia
686 1529 791 1558 papae,
811 1523 845 1548 ut
861 1519 994 1548 intellexi

12 1565 105 1605 (sep
122 1572 150 1593 o.
173 1563 365 1592 Burchardus
388 1573 464 1602 mag.
488 1565 657 1600 ceremon..)
702 1563 734 1592 L.
759 1574 782 1592 c.
808 1564 865 1598 ΙΙΙ,
889 1565 934 1593 23.

72 1605 178 1638 Mort.
198 1607 237 1637 29
266 1607 313 1636 die
334 1607 491 1636 Dominica
514 1607 541 1636 S.
564 1608 596 1636 P.
618 1607 648 1636 in
668 1607 790 1636 ecelesia
810 1618 831 1637 s.
855 1608 935 1637 Petri
955 1608 993 1636 ad

12 1650 136 1690 mffitm
164 1651 278 1681 creavit
317 1655 347 1680 et
378 1651 449 1680 fecit
479 1651 635 1681 Caesarem
666 1652 772 1681 ducem
805 1652 992 1681 Valentinen.

11 1693 254 1729 rami-umet
265 1695 458 1734 capitaneum
470 1696 637 1734 generalem
653 1695 681 1725 S
697 1696 732 1725 R.
749 1696 783 1725 E.
809 1696 858 1725 AC
872 1697 991 1725 Miscell.

13 1732 81 1775 ΠΪ,
93 1741 127 1775 9³
157 1739 210 1769 εει.
233 1739 342 1769 Burch.
366 1739 447 1769 Diar.
470 1740 487 1769 1
510 1750 535 1769 c.
558 1740 616 1774 111,
639 1741 761 1769 26—31

89 1782 180 1814 um.
195 1783 234 1812 25
259 1783 336 1812 circa
351 1783 455 1813 horam
470 1785 507 1812 24
523 1784 598 1813 obiit
614 1784 750 1813 Romae
743 1795 773 1813 ln
789 1784 879 1813 domo
894 1795 948 1813 sua
963 1785 993 1813 in

13 1827 128 1866 Campo
143 1827 253 1857 Martio
269 1827 518 1857 Bartholomaeus
535 1828 582 1857 tit.
601 1839 623 1857 s.
642 1829 779 1866 Agathae
797 1829 893 1867 presb.
912 1829 991 1858 card.

16 1863 202 1910 segontiam.
240 1871 349 1900 Burch.
370 1871 451 1901 Diar.
472 1872 490 1901 1.
510 1882 534 1901 ε.
556 1872 614 1907 111,
634 1874 760 1907 38—40;
792 1873 844 1902 εει.
866 1873 906 1907 11,
927 1874 991 1902 521.

89 1915 164 1954 Apr.
181 1915 219 1944 16
245 1915 329 1944 venit
345 1925 381 1944 ex
398 1915 579 1945 Lombardia
595 1927 672 1945 unus
689 1926 725 1945 ex
742 1917 881 1955 gentibus
898 1917 993 1946 Caroli

13 1959 123 1995 Ursini,
150 1959 202 1998 qui
227 1959 304 1988 dixit
331 1959 439 1998 Papae,
466 1960 647 1989 cardinalem
673 1961 836 1990 Ascanium
861 1961 908 1990 die
934 1962 993 1990 Do-

13 2003 122 2034 minioa
149 2003 321 2033 Palmarum
349 2005 398 2039 (10
423 2004 507 2042 Apr.)
535 2004 625 2033 fuisse
652 2015 704 2043 per
729 2005 829 2043 ipsum
855 2005 994 2035 Carolum

13 2047 156 2078 Ursinum
170 2047 201 2076 in
215 2047 347 2086 quodam
362 2052 460 2077 castro
474 2048 628 2077 districtus
643 2049 818 2083 Placentin..
834 2059 903 2078 cum
917 2053 995 2078 esset

12 2091 45 2122 in
66 2091 138 2131 fuga
162 2091 328 2128 (Ludovico
351 2091 427 2120 duce
451 2092 619 2127 Mediolan.,
645 2092 736 2122 fratre
760 2092 833 2131 ejus,
859 2093 940 2122 victo
963 2094 994 2122 in

12 2135 155 2166 conflictu
181 2146 250 2165 cum
277 2135 391 2172 Gallis),
418 2140 542 2174 captum
567 2140 598 2165 et
623 2137 723 2165 omnia
748 2137 826 2166 illius
852 2137 930 2166 bona
955 2137 994 2166 ad

12 2179 145 2211 valorem
168 2181 292 2209 200000
313 2179 380 2208 duc.
405 2180 597 2209 ascendentia
619 2190 681 2209 esse
703 2180 777 2210 data
798 2181 829 2210 in
851 2181 994 2220 praedam

15 2227 48 2254 et
75 2224 203 2253 eundem
234 2223 314 2253 card.
346 2223 471 2253 ductum
503 2224 644 2253 Venetias
674 2235 708 2254 ac
738 2224 871 2254 dominio
888 2225 992 2255 Venet.

12 2267 221 2307 consignatum
242 2267 280 2297 ad
301 2268 542 2297 custodiendum.
584 2269 616 2297 L.
638 2279 663 2297 c.
686 2269 743 2303 ΙΙΙ,
766 2271 812 2298 35.

89 2311 171 2341 Maii
190 2311 228 2341 15
259 2312 339 2341 card.
362 2312 516 2347 Ascanius,
540 2313 590 2351 qui
612 2312 744 2342 Venetiis
765 2313 906 2342 detentus
926 2324 994 2343 con-

12 2354 148 2396 signatus
161 2360 207 2385 est
220 2356 389 2389 oratoribus
403 2356 479 2394 regis
494 2356 598 2385 Franc.
614 2357 644 2385 in
660 2357 816 2386 Franciam
831 2357 993 2392 ducendus,

13 2408 83 2431 cum
100 2399 167 2430 aliis
185 2400 317 2430 detentis
336 2400 464 2429 intravit
484 2401 695 2435 Mediolanum,
718 2401 768 2439 qui
789 2411 892 2430 omnes
911 2402 995 2431 ducti

13 2446 86 2474 nunt
110 2443 151 2474 ad
176 2449 309 2474 castrum
338 2444 507 2479 Mediolan.y
536 2445 643 2473 deinde¹
672 2446 719 2481 (15
749 2445 820 2474 Jun.
852 2447 935 2482 1500)
964 2446 995 2475 in

14 2484 181 2518 Bnnoiam.
222 2488 254 2518 L.
277 2499 301 2518 c.
324 2499 352 2527 p.
375 2489 408 2518 41
432 2493 463 2518 et
483 2490 529 2518 46.

89 2530 173 2562 Maii
194 2531 232 2562 19
265 2532 345 2562 card.
370 2532 407 2561 de
431 2533 562 2567 Medicis,
588 2533 639 2571 qui
663 2537 733 2562 ante
758 2533 856 2571 plures
880 2544 994 2563 menses

14 2575 135 2605 renuit
147 2585 184 2605 ex
198 2575 279 2606 Urbe
293 2576 390 2606 iturus
404 2577 442 2606 ad
457 2577 669 2606 Alamanniam
683 2587 751 2606 cum
767 2577 869 2615 paucis
884 2588 919 2606 ex
935 2578 995 2607 suis

14 2619 46 2649 iu
56 2619 165 2649 habitu
177 2624 376 2650 mercatorum
388 2625 419 2650 et
431 2621 549 2650 visurus
562 2621 708 2650 mundum
722 2622 807 2660 plura
824 2632 929 2660 passus
950 2627 995 2651 est

14 2672 67 2702 per
87 2663 178 2698 viam,
200 2663 289 2693 rediit
310 2664 347 2694 ad
371 2665 483 2694 Urbem
505 2665 614 2694 salvus.
658 2665 690 2694 L.
714 2676 738 2694 c.
762 2676 790 2703 p.
814 2667 859 2695 41.

90 2707 182 2737 Junii
202 2707 240 2738 27
273 2707 407 2738 Sabbato
428 2709 458 2738 in
479 2719 544 2738 sero
565 2709 644 2738 card.
670 2710 828 2739 Gurcensis
850 2710 937 2739 rediit
958 2721 994 2739 ex

14 2751 162 2790 legatione
182 2762 236 2781 sua
258 2752 400 2782 Perusina
420 2753 459 2782 ad
479 2753 601 2783 Urbem.
644 2754 675 2782 L.
698 2764 722 2782 c.
746 2764 773 2792 p.
797 2755 841 2783 64.

89 2793 171 2825 Julii
189 2795 228 2825 29
258 2795 338 2826 card.
362 2796 486 2826 Ursinus
507 2797 537 2826 in
558 2798 733 2827 consistorio
754 2804 867 2827 secreto
889 2808 994 2827 renun-

13 2838 105 2870 flavit
128 2840 268 2878 legationi
293 2840 442 2870 Marchiae
465 2845 496 2870 et
520 2842 734 2880 pronuntiatus
759 2842 873 2880 legatus
899 2843 994 2871 Bono-

13 2882 124 2914 niensis
133 2888 164 2913 et
174 2883 262 2914 finito
271 2884 446 2914 consistorio
456 2890 574 2923 praeter
583 2885 704 2915 solitum
716 2886 754 2915 ab
765 2886 904 2915 omnibus
914 2886 993 2916 card.

2 2926 54 2960 ,βᾶ
72 2927 195 2967 domum
218 2928 413 2958 habitationis
433 2939 504 2958 suae
524 2930 697 2959 associatus.
740 2930 771 2959 L.
794 2941 817 2959 c.
841 2941 868 2969 p.
892 2932 936 2960 71.

1015 313 1070 341 618

1015 489 1070 517 619

1015 577 1071 605 620

1015 841 1068 870 621

1015 1432 1070 1460 622

1015 1565 1070 1593 623

1015 1742 1070 1770 624

1015 1875 1069 1903 625

1015 2271 1070 2300 626

1016 2492 1069 2521 627

1016 2668 1071 2696 628

1016 2756 1071 2784 629

1016 2933 1072 2960 630

1249 268 1307 298 Oct.
1319 268 1338 297 5
1359 268 1407 298 die
1419 269 1522 298 Lunae
1535 269 1563 299 S.
1577 270 1609 299 P.
1623 270 1653 298 in
1665 280 1718 299 suo
1729 271 1904 301 consistorio
1915 276 2029 301 secreto
2040 272 2154 302 creavit

1175 315 1234 341 tres
1259 312 1371 351 legatos
1395 313 1432 342 de
1456 313 1548 343 latere
1572 314 1610 343 ad
1634 314 1767 344 diversas
1790 315 1968 354 provincias,
2002 327 2092 355 regna
2122 321 2153 346 et

1173 356 1319 391 nationes,
1341 357 1428 386 videl.
1451 357 1692 395 Ray(mundum)
1714 359 1761 388 tit.
1783 369 1805 388 s.
1827 359 1934 389 Vitalis
1954 361 2050 399 presb.
2072 361 2151 390 card.

1177 399 1302 430 Gurcen.
1327 401 1366 430 ad
1389 411 1488 439 regem
1512 402 1610 437 Rom„
1635 403 1758 432 Petrum
1782 403 1878 442 presb.
1903 404 1983 434 card.
2009 405 2151 443 Reginen.

1175 444 1285 481 (adhuc
1313 445 1403 474 titulo
1430 448 1593 483 carentem)
1622 446 1661 475 ad
1688 457 1786 485 regem
1815 448 1973 486 Ungariae,
2004 449 2152 478 Joannem

1174 489 1271 526 presb.
1292 489 1371 518 card.
1395 489 1572 519 Salernitan.
1595 491 1705 527 (adhuc
1725 491 1772 520 tit.
1794 495 1956 529 carentem)
1978 493 2016 522 ad
2037 493 2151 528 Franc.,

1175 532 1311 571 Hispan.,
1335 534 1456 572 Portug.
1480 539 1510 563 et
1532 535 1655 573 Angliae
1677 545 1767 573 reges.
1811 536 1860 565 AC
1882 537 2001 566 Miscell.
2026 538 2083 572 III,
2108 539 2151 567 10.

1249 577 1306 606 Oct.
1336 577 1374 606 26
1414 578 1501 607 finito
1529 579 1703 608 consistorio
1732 584 1845 609 secreto
1873 581 1952 609 card.
1986 581 2151 616 Gurcensis‚

1175 621 1289 658 legatus
1321 621 1359 650 ad
1393 621 1584 652 Germaniam
1615 623 1796 661 designatus,
1830 624 1888 653 fuit
1919 625 2083 654 associatus
2114 626 2152 655 ab

1174 665 1313 694 omnibus
1330 666 1409 695 card.
1429 666 1465 695 de
1483 667 1658 696 consistorio
1675 672 1760 696 extra
1778 672 1897 706 portam
1916 669 2054 698 Viridarii
2073 680 2153 699 more

1174 709 1270 744 solito,
1302 715 1475 748 arrepturus
1505 711 1561 740 iter
1590 711 1629 740 ad
1659 712 1843 750 provinciam
1874 713 1929 741 sibi
1960 713 2151 751 deputatam;

1174 753 1322 791 equitavit
1343 764 1396 792 per
1416 758 1503 793 prata
1524 755 1563 784 ad
1584 760 1766 796 conventum
1788 756 1815 785 b.
1839 757 1949 786 Mariae
1971 757 2007 786 de
2028 758 2151 796 Populo,

1174 797 1224 826 ubi
1248 798 1358 827 mansit
1381 809 1475 837 usque
1497 799 1536 828 ad
1558 799 1637 828 diem
1661 800 1747 829 Jovis
1770 801 1805 829 29
1829 800 1906 835 Oct.,
1931 812 1990 839 qua
2013 801 2043 830 in
2067 812 2153 831 mane

1173 841 1241 870 inde
1269 842 1397 877 recessit,
1426 843 1483 872 iter
1509 853 1596 872 suum
1623 843 1752 882 dirigens
1779 855 1882 873 versus
1909 845 2096 875 Alemaniam
2123 846 2152 874 in

1173 885 1292 914 nomine
1314 886 1444 915 Domini.
1486 887 1594 916 Burch.
1618 888 1698 917 Diar.
1722 888 1739 917 l.
1761 899 1786 917 c.
1828 899 1856 927 p.
1878 890 1924 918 83.

1251 930 1324 958 Nov.
1350 930 1366 958 1
1403 931 1500 960 Hodie
1525 936 1672 960 venerunt
1696 932 1812 961 litterae
1836 943 1853 961 a
1878 943 1944 971 rege
1968 934 2091 972 Angliae
2115 934 2153 963 ad

1175 973 1296 1008 Urbem,
1325 974 1433 1012 quibus
1459 975 1648 1013 significavit,
1677 976 1826 1005 Joannem
1853 977 1900 1006 tit.
1927 988 1949 1006 s.
1977 978 2154 1007 Anastasiae

1175 1018 1270 1055 presb.
1307 1018 1386 1047 card.
1413 1019 1659 1049 Cantuariensem
1692 1020 1739 1049 die
1765 1022 1799 1050 15
1826 1021 1934 1050 mensis
1961 1021 2042 1060 Sept.
2068 1032 2151 1060 prox.

1174 1062 1327 1099 praeteriti
1354 1062 1433 1092 diem
1460 1074 1531 1092 suae
1558 1064 1638 1093 vitae
1665 1064 1804 1093 clausisse
1831 1069 2008 1095 extremum.
2062 1066 2154 1104 Cujus

1174 1115 1200 1134 a.
1223 1116 1245 1134 r.
1268 1106 1285 1135 i.
1308 1117 1336 1144 p.
1379 1107 1487 1136 Burch.
1510 1108 1591 1137 Diar.
1615 1109 1632 1137 l.
1655 1118 1678 1137 c.
1701 1119 1729 1146 p.
1752 1110 1797 1138 84.

1252 1150 1281 1179 N
1283 1160 1324 1179 ov.
1335 1150 1373 1179 16
1393 1151 1481 1180 finito
1490 1152 1664 1181 consistorio
1673 1157 1786 1182 secreto
1795 1153 1875 1182 card.
1887 1153 2027 1192 Reginus,
2039 1154 2154 1192 legatus

1174 1193 1213 1222 ad
1229 1194 1415 1232 Hungariam
1430 1195 1611 1234 designatus,
1628 1196 1666 1225 ab
1681 1197 1820 1226 omnibus
1834 1197 1913 1226 card.
1930 1198 2094 1227 associatus
2108 1202 2154 1228 est

1174 1242 1259 1267 extra
1279 1242 1398 1277 portam
1418 1239 1565 1275 Viridarii,
1586 1240 1643 1269 iter
1661 1245 1834 1279 arrepturus
1853 1252 1956 1271 versus
1975 1242 2153 1281 legationem

1174 1287 1205 1311 et
1219 1282 1405 1320 provinciam
1419 1283 1475 1312 sibi
1490 1284 1682 1322 deputatam;
1698 1285 1728 1313 in
1743 1295 1807 1314 sero
1822 1290 1924 1315 autem
1939 1286 2027 1315 rediit
2041 1291 2154 1316 secreto

1174 1326 1212 1355 ad
1227 1326 1351 1356 domum
1365 1337 1450 1356 suam
1465 1332 1495 1356 et
1509 1328 1539 1357 in
1554 1339 1618 1358 sero
1631 1329 1690 1358 diei
1705 1329 1791 1358 Jovis
1807 1331 1841 1358 19
1856 1330 2006 1368 equitavit
2020 1331 2058 1360 ad
2072 1331 2153 1369 pala-

1175 1370 1251 1399 tium
1272 1370 1311 1399 ad
1333 1371 1456 1410 Papam,
1479 1382 1497 1400 a
1518 1383 1578 1411 quo
1598 1373 1656 1402 fuit
1677 1377 1749 1402 tunc
1770 1373 1800 1402 in
1822 1374 1960 1403 omnibus
1981 1375 2152 1413 expeditus;

1174 1414 1281 1444 deinde
1302 1415 1430 1444 recessit.
1472 1416 1504 1445 L.
1527 1427 1551 1445 c.
1573 1427 1602 1455 p.
1624 1418 1670 1446 85.

1250 1459 1322 1488 Nm).
1336 1459 1374 1488 23
1397 1460 1542 1498 scriptum
1554 1461 1613 1490 fuit
1625 1461 1670 1490 his
1681 1461 1786 1490 diebus
1798 1462 1967 1500 praeteritis
1979 1463 2018 1492 ad
2031 1463 2152 1498 Urbem,

1175 1503 1326 1532 Andream
1338 1504 1385 1532 tit.
1398 1514 1420 1533 s.
1434 1504 1522 1534 Mart.
1535 1505 1565 1533 in
1577 1510 1670 1534 mont.
1692 1505 1788 1544 presb.
1810 1506 1889 1535 card.
1903 1507 2154 1546 Burdegalensem

1175 1547 1236 1575 sive
1261 1547 1491 1586 Lugdunensem
1513 1549 1561 1578 die
1586 1551 1618 1578 11
1644 1549 1808 1588 praesentis
1832 1551 1940 1580 mensis
1963 1551 1994 1580 in
2017 1551 2154 1590 partibus

1173 1591 1252 1620 diem
1271 1592 1409 1621 clausisse
1428 1596 1604 1627 extremum,
1625 1593 1711 1632 cujus
1729 1604 1754 1623 a.
1775 1604 1797 1622 r.
1817 1594 1835 1624 i.
1856 1605 1884 1633 p.
1903 1612 1942 1616 —
1959 1595 1992 1624 L.
2012 1605 2036 1624 c.
2056 1606 2085 1634 p.
2104 1597 2150 1625 86.

1250 1636 1323 1665 Nov.
1344 1636 1382 1665 27
1412 1637 1442 1665 in
1463 1637 1637 1666 consistorio
1657 1642 1770 1667 secreto
1790 1639 1869 1668 card.
1891 1639 2066 1668 Arborensis
2086 1650 2151 1678 pro-

1172 1680 1330 1709 nuntiatus
1350 1680 1408 1709 fuit
1429 1681 1544 1719 legatus
1564 1682 1701 1711 Perusiae
1722 1686 1752 1711 et
1772 1692 1831 1711 non
1852 1683 1910 1712 fuit
1930 1684 2094 1713 associatus
2113 1684 2152 1713 ad

1171 1733 1320 1753 cameram
1341 1735 1427 1754 suam
1447 1725 1510 1754 sive
1529 1725 1661 1755 domum.
1704 1727 1736 1755 L.
1758 1736 1782 1755 c.
1805 1737 1833 1765 p.
1855 1729 1901 1756 86.

1656 1783 1752 1819 1501.

1248 1830 1330 1859 Febr.
1346 1831 1365 1859 8
1393 1831 1420 1860 S.
1438 1831 1470 1860 P.
1487 1831 1518 1860 in
1533 1842 1586 1861 suo
1601 1832 1775 1862 consistorio
1790 1837 1903 1862 secreto
1918 1833 2078 1871 deputavit
2093 1838 2152 1862 tres

1173 1884 1209 1902 ex
1227 1874 1317 1909 card„
1336 1875 1366 1903 in
1383 1885 1437 1904 suo
1454 1875 1556 1904 ordine
1573 1876 1692 1914 priores,
1711 1877 1771 1906 scil.
1791 1877 2024 1915 Neapolitanum
2041 1887 2150 1916 epum„

1174 1917 1221 1947 tit.
1236 1928 1258 1947 s.
1272 1918 1432 1948 Clementis
1444 1920 1540 1958 presb.
1555 1924 1585 1949 et
1600 1920 1758 1950 Senensem
1770 1921 1845 1950 diac.
1863 1921 1942 1950 card.
1957 1921 2152 1959 depositarios

1174 1962 1367 2000 pecuniarum
1381 1963 1514 1993 omnium
1527 1964 1709 1994 decimarum
1722 1965 1935 2003 exigendarum
1948 1969 1978 1994 et
1990 1966 2020 1994 in
2033 1966 2151 2004 expedi-

1174 2006 1286 2035 tionem
1299 2011 1404 2036 contra
1418 2008 1545 2037 Turca'm
1558 2009 1810 2047 exponendarum.
1836 2009 1885 2038 AC
1899 2009 2018 2038 Miscell.
2034 2010 2090 2044 III,
2107 2011 2150 2039 10.

1249 2051 1321 2088 Apr.
1341 2051 1378 2080 22
1397 2062 1531 2081 reversus
1550 2056 1595 2081 est
1614 2052 1652 2081 ad
1672 2053 1783 2082 Urbem
1802 2053 1881 2082 card.
1903 2064 1924 2082 s.
1948 2053 2087 2088 Severini,
2109 2054 2150 2082 in-

1174 2094 1267 2123 travit
1285 2105 1337 2133 per
1353 2099 1473 2133 portam
1492 2096 1518 2125 b.
1538 2097 1649 2125 Mariae
1666 2097 1702 2126 de
1721 2098 1843 2135 Populo,
1863 2098 2027 2126 associatus
2045 2108 2062 2126 a
2079 2108 2151 2126 non-

1173 2138 1260 2167 nullis
1274 2139 1353 2168 card.
1369 2150 1462 2178 usque
1476 2140 1515 2169 ad
1528 2140 1651 2170 domum
1665 2151 1759 2170 suam.
1786 2142 1859 2170 Heri
1872 2142 1951 2170 card.
1967 2142 2150 2177 Arborensis,

1173 2183 1288 2221 legatus
1311 2184 1479 2219 Perusinus,
1503 2184 1591 2213 rediit
1613 2185 1652 2213 ad
1675 2185 1787 2214 Urbem
1809 2186 1845 2214 de
1869 2186 2015 2224 legatione
2038 2196 2091 2215 sua
2113 2186 2151 2214 ad

1174 2226 1278 2256 horam
1311 2228 1486 2263 consistorii,
1520 2232 1622 2257 tamen
1655 2239 1714 2258 non
1748 2230 1830 2258 venit
1862 2230 1900 2258 ad
1934 2226 2150 2259 consistorium.

1175 2271 1283 2300 Burch.
1306 2272 1387 2301 Diar.
1411 2272 1427 2301 l.
1450 2283 1474 2301 c.
1499 2274 1550 2302 127
1573 2277 1603 2301 et
1626 2274 1688 2302 128.

1251 2315 1322 2353 Apr.
1339 2315 1377 2344 23
1402 2316 1479 2345 circa
1495 2317 1598 2346 horam
1614 2318 1630 2345 2
1646 2318 1742 2346 noctis
1757 2318 1832 2346 obiit
1846 2318 1926 2347 card.
1943 2328 1964 2347 s.
1982 2318 2150 2353 Clementis,

1174 2359 1224 2397 qui
1239 2359 1343 2388 eadem
1358 2360 1413 2394 die,
1429 2365 1500 2389 ante
1514 2361 1682 2399 prandium,
1698 2362 1851 2400 publicum
1866 2362 1977 2391 fecerat
1992 2366 2151 2391 testamen-

1174 2407 1240 2432 tum
1262 2413 1359 2432 suum.
1404 2404 1435 2433 L.
1459 2415 1484 2433 c.
1507 2415 1536 2443 p.
1561 2406 1719 2440 128—130,
1744 2407 1902 2435 133—135.

1249 2447 1331 2476 Maii
1346 2448 1362 2477 7
1387 2448 1416 2476 in
1431 2448 1487 2477 civ.
1503 2449 1652 2478 Patavina
1666 2449 1741 2478 obiit
1755 2451 1893 2487 (veneno)
1909 2450 1988 2479 card.
2004 2461 2026 2479 s.
2042 2450 2152 2479 Mariae

1173 2491 1203 2520 in
1218 2492 1347 2526 Porticu,
1363 2491 1449 2530 cujus
1463 2503 1489 2522 a.
1505 2503 1527 2522 r.
1542 2493 1561 2522 i.
1576 2503 1604 2531 p.
1633 2493 1678 2522 De
1692 2504 1752 2532 quo
1766 2498 1913 2523 venerunt
1926 2498 2007 2523 certa
2022 2505 2100 2523 nova
2114 2494 2152 2523 ad

1130 2552 1134 2557 ·
1174 2535 1285 2564 Urbem
1306 2536 1365 2572 (die
1387 2538 1423 2565 10
1442 2537 1538 2573 Maii);
1560 2541 1632 2566 tunc
1652 2538 1756 2567 eadem
1777 2538 1823 2567 die
1844 2538 2152 2576 archipresbyteratus

1174 2579 1311 2608 basilicae
1337 2580 1364 2609 b.
1391 2581 1480 2615 Petri,
1507 2591 1558 2619 per
1582 2581 1675 2619 ipsius
1698 2582 1815 2611 obitum
1841 2593 1960 2617 vacans,
1986 2593 2038 2621 per
2064 2583 2092 2611 S.
2118 2583 2150 2611 P.

1173 2623 1300 2652 collatus
1349 2629 1394 2653 est
1420 2625 1563 2654 cardinali
1589 2625 1740 2664 Capuano,
1769 2626 1819 2665 qui
1845 2627 1939 2655 altera
1965 2626 2012 2655 die
2038 2626 2153 2665 accepit

1175 2668 1389 2705 possessionem
1418 2668 1491 2707 ejus.
1546 2669 1601 2698 Die
1629 2674 1731 2699 autem
1761 2672 1794 2699 14
1823 2670 1893 2699 Maii
1921 2670 1951 2699 in
1979 2670 2153 2700 consistorio

1174 2716 1288 2741 secreto
1305 2712 1383 2741 card.
1404 2713 1614 2742 Ulixbonensis
1630 2714 1669 2742 ab
1686 2714 1831 2743 Albanen.
1850 2714 1888 2743 ad
1907 2715 2064 2744 Tusculan.
2083 2715 2151 2744 eccl.

1173 2755 1261 2784 simili
1281 2756 1370 2785 modo
1389 2757 1419 2793 (i.
1439 2768 1463 2786 e.
1483 2767 1535 2796 per
1554 2757 1600 2786 ob.
1621 2758 1779 2787 cardinalis
1798 2769 1820 2787 s.
1840 2758 1951 2787 Mariae
1970 2759 2000 2787 in
2020 2759 2151 2795 Porticu)

1175 2810 1238 2828 vac.
1266 2801 1430 2830 translatus
1454 2806 1485 2830 et
1508 2801 1588 2830 card.
1615 2802 1846 2831 Beneventanus
1870 2802 2083 2840 pronuntiatus
2108 2807 2154 2832 est

1175 2843 1331 2882 episcopus
1361 2845 1517 2880 Albanen..
1550 2845 1601 2884 qui
1632 2846 1719 2875 finito
1749 2846 1924 2875 consistorio
1955 2857 2035 2876 more
2066 2847 2153 2876 solito

1174 2888 1338 2917 associatus
1356 2893 1401 2918 est
1419 2889 1458 2918 ad
1475 2889 1599 2918 domum
1617 2900 1711 2924 suamy
1731 2890 1878 2928 palatium
1896 2901 1919 2919 s.
1938 2890 2038 2920 Marci.
2076 2891 2107 2920 L.
2126 2902 2151 2920 c.

1177 2933 1339 2967 135—136;
1372 2933 1424 2962 cir.
1446 2935 1512 2962 338.

2187 175 2229 207 55

2173 540 2224 567 631

2174 1112 2230 1140 633

2174 1420 2229 1448 634

2172 1597 2228 1625 635

2172 1729 2227 1757 636

2172 2012 2225 2040 637

2172 2276 2227 2304 638

2173 2409 2228 2436 639

2174 2936 2230 2965 640
