2436 3328
143 188 188 220 VI

143 289 175 320 id
194 292 416 330 spectaremus,
436 292 474 319 ut
493 289 628 319 veriores
647 299 769 330 semper
787 292 820 319 et
839 288 1038 329 perfectiores
1056 288 1242 320 haberemus
1261 288 1378 319 indices
1397 287 1561 318 nominum
1580 286 1799 327 episcoporum
1818 285 2006 323 titularium,
2026 285 2082 326 qui
2101 294 2230 315 munere
2249 283 2352 315 functi

143 342 360 383 episcoporum
378 340 651 382 suffraganeorum
682 341 732 372 vel
762 341 961 372 auxiliarium
992 352 1064 372 suos
1095 342 1267 382 superiores
1298 341 1459 382 episcopos
1479 339 1680 376 adiuverunt,
1712 338 1803 370 nobis
1822 338 1927 370 fauste
1947 338 2090 379 contigit,
2123 341 2160 368 ut
2179 336 2354 370 secundam

142 394 313 438 editionem
342 398 375 425 et
393 393 522 425 alterius
551 397 585 425 et
614 394 724 435 prioris
754 394 923 425 voluminis
952 394 1000 425 his
1018 394 1174 425 indicibus
1203 395 1356 426 instruere
1386 403 1556 435 possemus
1606 392 1712 423 Primo
1742 402 1818 422 vero
1836 391 1905 422 loco
1923 400 2208 423 commemoramus
2238 389 2278 421 R.
2309 389 2350 422 D.

143 447 198 478 Dr.
221 447 383 487 Jungnitz,
404 446 523 478 archivi
544 447 728 488 episcopalis
747 447 1000 479 Vratislaviensis
1020 447 1206 485 antistitem,
1227 452 1260 479 et
1279 447 1318 478 R.
1339 447 1379 478 D.
1400 445 1600 487 Czaplewski,
1621 445 1797 476 dioeceseos
1817 444 1991 476 Cuhnensis
2010 443 2195 486 parochum,
2215 452 2354 484 quorum

142 503 274 540 uterque
297 517 337 521 —
357 499 408 530 ille
430 500 648 541 episcoporum
671 499 942 541 suffraganeorum
964 501 1121 531 dioceseos
1143 500 1406 537 Vratislaviensis‚
1430 499 1480 530 hic
1503 499 1721 540 episcoporum
1743 497 1946 528 auxiliarium
1968 501 2145 529 ceterarum
2167 497 2351 528 dioeceseon

142 553 320 594 provinciae
343 552 534 584 Gneznensis
556 571 595 574 —
614 553 731 584 indices
752 564 790 584 ex
811 554 938 593 optimis
959 553 1101 584 fontibus
1121 553 1334 585 redundantes
1355 552 1582 594 promulgaturi
1602 556 1692 589 sunt;
1714 561 1787 582 cum
1807 551 1891 582 enim
1911 554 2046 592 uterque
2066 561 2185 588 eorum,
2206 560 2289 591 quae
2309 548 2352 581 ab

141 606 216 646 ipsis
236 609 326 636 erant
345 606 476 636 inventa
495 610 592 646 atque
612 606 786 646 explorata,
806 606 872 647 jam
892 610 968 637 tunc
987 617 1111 638 summa
1131 617 1203 638 cum
1223 606 1421 637 humanitate
1440 616 1564 637 mecum
1584 605 1841 641 communicaret,
1861 603 2040 634 accuratius
2059 607 2093 635 et
2111 603 2293 645 diligentius
2311 602 2352 634 de

140 658 343 695 dioecesibus,
370 669 450 699 quas
465 669 560 699 supra
587 659 829 696 nominavimus,
857 659 990 690 scribere
1005 659 1104 700 potui.
1152 659 1244 696 Quod
1270 659 1439 690 dicendum
1454 663 1502 690 est
1517 659 1614 689 etiam
1629 658 1668 689 de
1683 658 1816 689 dioecesi
1832 656 2102 698 Argentoratensi‚
2128 657 2218 688 cuins
2232 655 2353 688 indices

140 712 358 752 episcoporum
377 711 566 742 auxilarium
586 712 670 743 hisce
689 712 817 742 demum
837 712 948 743 diebus
968 713 1007 743 R.
1029 712 1068 743 D.
1091 712 1146 743 Dr.
1168 713 1308 750 Postina,
1330 712 1484 753 parochus
1504 711 1586 743 illius
1605 711 1791 748 dioeceseos,
1812 709 1978 751 diligenter
1997 709 2198 741 examinatos
2216 709 2351 751 benigne

141 775 177 795 ac
197 764 366 795 liberaliter
383 764 460 795 mihi
479 764 742 796 subministravit.
782 765 947 796 Praeterea
967 765 1006 796 R.
1027 765 1062 796 P.
1083 765 1124 796 M.
1146 765 1325 796 Bernardus
1344 765 1468 806 Fleury,
1500 764 1658 796 confrater
1676 775 1775 801 meus,
1807 763 1950 804 Friburgi
1970 762 2138 794 Helvetiae
2156 761 2260 794 multo
2277 772 2353 795 cum

140 817 290 858 obsequio
310 828 349 848 ex
368 817 524 848 indicibus
544 822 576 848 et
598 817 822 848 Basileensium
844 822 876 849 et
902 818 1151 850 Lausanensium
1171 818 1442 859 suffraganeorum
1463 819 1690 859 episcoporum,
1723 827 1802 858 quos
1823 817 1854 848 in
1875 816 1935 847 hac
1956 816 2033 847 urbe
2053 814 2276 857 Herbipolensi
2293 815 2351 848 ob-

140 870 238 901 tinere
268 870 344 901 mihi
376 881 438 901 non
470 870 595 907 licebat,
628 871 750 911 potiora
770 875 803 901 et
822 871 946 911 aptiora
965 871 1071 912 capita
1091 872 1255 912 excerpsit,
1287 875 1325 902 ut
1344 871 1460 902 recenti
1481 871 1683 902 Hierarchiae
1703 870 1883 902 Catholicae
1902 869 2033 901 editioni
2053 869 2240 900 inserentur.
2289 866 2367 916 mv&

142 923 287 954 omnibus
306 923 345 954 de
364 934 414 954 me
434 924 553 964 optime
574 924 692 954 meritis
714 924 787 954 viris
806 924 962 955 maximas
981 935 1040 965 ago
1059 925 1178 965 gratias
1197 925 1336 965 itemque
1356 924 1395 955 R.
1417 924 1456 955 D.
1478 924 1533 955 Dr.
1555 924 1663 961 Ehses,
1686 923 1904 964 protonotario
1924 922 2098 964 apostolico
2118 926 2151 953 et
2170 921 2354 955 litter-run

138 976 298 1007 societatis
315 976 537 1007 Goerresianae
553 976 584 1007 in
602 976 686 1007 Urbe
703 977 849 1014 antistiti,
866 978 920 1018 qui
937 982 970 1008 et
985 980 1111 1008 mutata
1127 988 1192 1008 esse
1208 978 1296 1019 signa
1312 977 1436 1008 illomm
1452 988 1491 1008 ex
1507 977 1644 1008 Archivo
1660 977 1816 1008 Vaticano
1832 976 1980 1013 fontium,
1997 976 2051 1017 qui
2068 975 2109 1006 ad
2125 975 2185 1006 hoc
2201 974 2351 1007 volumen

139 1029 307 1069 pertinent,
322 1039 372 1060 me
386 1030 505 1070 optime
519 1030 643 1060 monuit
657 1034 690 1060 et
704 1029 787 1060 ultro
801 1030 927 1061 Martini
943 1030 970 1061 V
984 1030 1113 1061 ultimas
1127 1034 1159 1061 et
1174 1031 1290 1071 primas
1304 1031 1435 1071 Eugenii
1452 1030 1496 1061 IV
1511 1030 1713 1071 provisiones,
1729 1040 1809 1071 quas
1823 1030 1997 1071 permixtas
2011 1039 2076 1060 esse
2090 1039 2186 1070 supra
2199 1027 2350 1066 diximus,

137 1081 205 1112 loco
222 1092 279 1112 suo
298 1082 403 1123 posuit
420 1086 642 1123 postremoque
661 1082 895 1114 emendationes
913 1083 1030 1114 indices
1048 1083 1352 1125 archiepiscoporum
1370 1083 1660 1120 Mediolanensium,
1679 1094 1761 1124 quae
1780 1082 1859 1114 libro
1877 1093 1896 1113 a
1914 1082 1953 1113 R.
1974 1082 2009 1113 P.
2029 1081 2127 1113 Fideli
2149 1081 2244 1112 Savio
2263 1080 2295 1112 S.
2316 1081 2350 1114 J.

138 1145 238 1176 nuper
253 1135 283 1165 in
300 1134 401 1166 lucem
417 1136 544 1166 emisso:
575 1135 647 1172 „Gli
663 1135 782 1167 antichi
799 1137 959 1167 vescovati
975 1136 1104 1168 d’Italia
1133 1136 1336 1175 (Lombardia
1352 1136 1402 1176 1)“
1431 1136 1645 1178 perhibentur,
1674 1147 1729 1177 per
1746 1136 1784 1167 R.
1802 1136 1842 1167 D.
1860 1136 1915 1167 Dr.
1932 1135 2063 1172 Mohler,
2091 1134 2173 1166 illius
2188 1134 2352 1167 societatis

136 1188 266 1224 socium,
286 1198 410 1219 mecum
429 1188 553 1219 curavit
572 1189 859 1226 communicandas,
880 1200 961 1230 quae
980 1189 1108 1230 quidem
1128 1190 1363 1221 emendationes
1383 1190 1436 1221 uni
1458 1190 1551 1231 priori
1571 1189 1723 1221 volumini
1744 1189 1947 1220 Hierarchiae
1967 1188 2147 1220 Catholicae
2168 1187 2350 1229 proderant,

137 1241 287 1281 quoniam
308 1252 370 1271 non
391 1246 580 1282 procurrunt
600 1242 657 1272 nisi
679 1242 719 1272 ad
739 1242 851 1273 decimi
872 1243 977 1283 quarti
998 1242 1114 1274 saeculi
1135 1243 1270 1274 initium.
1306 1243 1395 1274 Idem
1414 1243 1550 1284 denique
1570 1243 1740 1274 dicendum
1759 1242 1798 1273 de
1819 1242 1878 1273 illis
1898 1241 2084 1278 emendatis,
2116 1251 2198 1282 quae
2219 1251 2353 1273 numero

137 1303 246 1324 omnes
265 1304 344 1334 quas
364 1293 468 1325 adhuc
501 1295 733 1325 nominavimus
765 1295 1000 1326 emendationes
1031 1296 1214 1337 superantia
1235 1296 1274 1327 R.
1296 1296 1335 1327 D.
1357 1296 1412 1327 Dr.
1435 1296 1469 1327 P.
1492 1296 1533 1327 M.
1557 1296 1782 1337 Baumgarten,
1817 1295 1847 1326 S.
1883 1295 2071 1326 Sanctitatis
2104 1293 2264 1336 praelatus
2293 1293 2351 1326 do·

137 1347 294 1383 mesticus,
331 1348 486 1388 congessit
510 1347 746 1388 diligentissime
771 1348 984 1389 comparando
1008 1353 1134 1380 textum
1159 1348 1360 1380 Hierarchiae
1385 1349 1565 1380 Catholicae
1591 1349 1621 1379 1²
1645 1359 1718 1380 cum
1743 1349 1887 1389 Regestis
1912 1348 2130 1379 Romanorum
2155 1346 2352 1379 Pontificum

138 1400 372 1438 (1198—1303),
394 1410 476 1441 quae
498 1401 676 1442 composuit
698 1401 857 1438 Potthast,
891 1405 924 1432 et
945 1412 1017 1432 cum
1040 1402 1192 1443 Registris
1216 1401 1417 1433 Summorum
1440 1402 1632 1433 Pontificum
1654 1402 1727 1433 inde
1749 1413 1768 1433 a
1802 1401 1997 1443 temporibus
2019 1401 2151 1432 Honorii
2175 1399 2226 1432 III
2248 1410 2350 1442 usque

136 1452 177 1483 ad
196 1456 335 1483 aetatem
356 1452 489 1484 Joannis
508 1453 609 1484 XXII
631 1455 865 1493 (1216—1334),
897 1465 978 1495 quae
998 1455 1138 1486 maxima
1156 1465 1195 1486 ex
1216 1459 1305 1496 parte
1324 1455 1365 1486 ab
1385 1455 1516 1486 eruditis
1536 1456 1672 1486 nationis
1694 1455 1832 1486 Gallicae
1853 1455 1927 1486 viris
1958 1455 1988 1486 in
2021 1454 2122 1486 lucem
2153 1457 2230 1485 sunt
2258 1453 2347 1486 data.

137 1505 205 1536 Etsi
222 1516 297 1537 nom
313 1516 422 1537 omnes
438 1506 562 1537 illorum
579 1517 709 1547 operum
725 1507 923 1538 differentiae
940 1512 1015 1539 sunt
1032 1518 1123 1539 verae
1141 1508 1386 1546 emendationes,
1415 1509 1566 1549 quoniam
1583 1519 1678 1550 quem
1696 1508 1846 1539 Potthast
1863 1508 2023 1539 interdum
2041 1507 2191 1549 probavit
2206 1506 2351 1539 ordinem

136 1562 325 1599 temporum,
345 1559 515 1590 certissime
534 1559 631 1591 falsus
649 1564 707 1597 est,
727 1564 759 1591 et
778 1560 879 1591 multa
898 1565 1059 1601 praeterea
1078 1561 1246 1592 emendata
1265 1562 1393 1592 minoris
1412 1562 1503 1603 pretii
1522 1566 1607 1599 sunt,
1627 1566 1734 1593 tamen
1755 1561 1793 1592 R.
1814 1561 1852 1592 D.
1875 1561 1928 1592 Dr.
1950 1561 2165 1602 Baumgarten
2185 1560 2227 1592 ad
2244 1570 2350 1592 emen·

135 1611 270 1642 dantum
289 1615 414 1643 textum
433 1612 635 1644 Hierarchiae
654 1613 833 1644 Catholicae
854 1613 883 1643 1²
903 1614 1071 1655 plurimum
1091 1614 1273 1651 contribuit,
1305 1614 1336 1646 id
1355 1614 1440 1655 quod
1460 1615 1606 1646 maximis
1625 1615 1734 1656 gratiis
1753 1614 1913 1646 exsolvere
1933 1625 1990 1645 nos
2008 1614 2111 1656 juvat.
2148 1613 2209 1646 Sed
2228 1613 2353 1646 multus

134 1663 273 1702 fuissem,
293 1665 319 1696 si
338 1676 385 1702 ea,
405 1676 487 1706 quae
507 1665 557 1696 ille
577 1666 760 1703 contribuit,
793 1667 823 1698 in
856 1666 966 1698 tabula
998 1667 1223 1698 Addendorum
1254 1671 1287 1698 et
1318 1667 1597 1699 Emendandorum
1629 1671 1672 1707 (v.
1706 1668 1788 1699 infra
1820 1679 1889 1709 pag.
1924 1667 1973 1699 IX
2004 1670 2058 1707 sa.)
2090 1666 2275 1708 singillatim
2304 1675 2348 1698 et.

135 1717 323 1749 nominatim
357 1719 597 1760 proposuissem.
643 1719 716 1750 Jam
751 1730 824 1751 vero
858 1720 1037 1751 nullatenus
1069 1720 1136 1752 dari
1159 1720 1262 1751 locum
1284 1721 1499 1752 emendandae
1521 1721 1723 1752 Hierarchiae
1744 1721 1925 1752 Catholicae
1947 1732 1986 1752 ne
2007 1731 2064 1762 ego
2085 1720 2215 1762 quidem
2235 1720 2351 1758 sentio,

133 1770 188 1801 sed
210 1770 269 1801 hoc
291 1774 418 1802 tantum
440 1776 567 1813 exopto,
591 1777 627 1803 ut
649 1773 679 1809 ii,
702 1783 783 1813 quae
805 1784 841 1804 ea
864 1773 981 1814 legunt,
1004 1785 1042 1804 ex
1065 1773 1123 1804 hoc
1146 1784 1238 1814 opere
1260 1773 1397 1815 aliquem
1419 1773 1557 1805 fructum
1580 1774 1713 1805 fortasse
1735 1774 1865 1815 capiant
