<?xml version="1.0" encoding="UTF-8"?>
<!DOCTYPE html PUBLIC "-//W3C//DTD XHTML 1.0 Transitional//EN"
    "http://www.w3.org/TR/xhtml1/DTD/xhtml1-transitional.dtd">
<html xmlns="http://www.w3.org/1999/xhtml" xml:lang="en" lang="en">
 <head>
  <title>
</title>
<meta http-equiv="Content-Type" content="text/html;charset=utf-8" />
  <meta name='ocr-system' content='tesseract 3.04.00' />
  <meta name='ocr-capabilities' content='ocr_page ocr_carea ocr_par ocr_line ocrx_word'/>
</head>
<body>
  <div class='ocr_page' id='page_1' title='image "./hierarchiacathol02eubeuoft/hierarchiacathol02eubeuoft_0067.png"; bbox 0 0 2436 3328; ppageno 0'>
   <div class='ocr_carea' id='block_1_1' title="bbox 887 166 2276 202">
    <p class='ocr_par' dir='ltr' id='par_1_1' title="bbox 887 166 2276 202">
     <span class='ocr_line' id='line_1_1' title="bbox 887 166 2276 202; baseline -0.004 0"><span class='ocrx_word' id='word_1_1' title='bbox 887 166 1120 202; x_wconf 73' lang='lat' dir='ltr'><strong>cardinales</strong></span> <span class='ocrx_word' id='word_1_2' title='bbox 1143 166 1219 201; x_wconf 88' lang='lat' dir='ltr'>sub</span> <span class='ocrx_word' id='word_1_3' title='bbox 1243 166 1353 201; x_wconf 85' lang='lat' dir='ltr'><strong>Sixto</strong></span> <span class='ocrx_word' id='word_1_4' title='bbox 1376 166 1429 200; x_wconf 91' lang='lat' dir='ltr'>IV</span> <span class='ocrx_word' id='word_1_5' title='bbox 2237 169 2276 201; x_wconf 87' lang='lat'>17</span> 
     </span>
    </p>
   </div>
   <div class='ocr_carea' id='block_1_2' title="bbox 26 266 2165 368">
    <p class='ocr_par' dir='ltr' id='par_1_2' title="bbox 26 266 2165 368">
     <span class='ocr_line' id='line_1_2' title="bbox 74 266 2165 315; baseline 0.001 -15"><span class='ocrx_word' id='word_1_6' title='bbox 74 266 303 315; x_wconf 40' lang='lat' dir='ltr'>&amp;stephanus</span> <span class='ocrx_word' id='word_1_7' title='bbox 322 272 460 307; x_wconf 75' lang='lat' dir='ltr'>Nerdini,</span> <span class='ocrx_word' id='word_1_8' title='bbox 482 281 550 312; x_wconf 88' lang='lat' dir='ltr'>aep.</span> <span class='ocrx_word' id='word_1_9' title='bbox 572 270 740 302; x_wconf 87' lang='lat' dir='ltr'>Mediolan.</span> <span class='ocrx_word' id='word_1_10' title='bbox 767 285 799 296; x_wconf 87' lang='lat'><strong><em>=</em></strong></span> <span class='ocrx_word' id='word_1_11' title='bbox 824 270 875 301; x_wconf 88' lang='lat' dir='ltr'>tit.</span> <span class='ocrx_word' id='word_1_12' title='bbox 897 281 921 301; x_wconf 90' lang='grc'>8.</span> <span class='ocrx_word' id='word_1_13' title='bbox 943 270 1084 307; x_wconf 83' lang='lat' dir='ltr'>Adriani,</span> <span class='ocrx_word' id='word_1_14' title='bbox 1106 269 1178 301; x_wconf 88' lang='lat' dir='ltr'>dein</span> <span class='ocrx_word' id='word_1_15' title='bbox 1199 279 1223 300; x_wconf 86' lang='lat' dir='ltr'>s.</span> <span class='ocrx_word' id='word_1_16' title='bbox 1245 269 1364 300; x_wconf 83' lang='lat' dir='ltr'>Mariae</span> <span class='ocrx_word' id='word_1_17' title='bbox 1385 272 1473 300; x_wconf 88' lang='lat' dir='ltr'>trans</span> <span class='ocrx_word' id='word_1_18' title='bbox 1494 268 1562 300; x_wconf 87' lang='lat' dir='ltr'>Tib.</span> <span class='ocrx_word' id='word_1_19' title='bbox 1586 269 1818 308; x_wconf 84' lang='lat' dir='ltr'>(Mediolanus),</span> <span class='ocrx_word' id='word_1_20' title='bbox 1840 270 1859 309; x_wconf 91' lang='lat'>†</span> <span class='ocrx_word' id='word_1_21' title='bbox 1883 271 1959 301; x_wconf 87' lang='lat'>1484</span> <span class='ocrx_word' id='word_1_22' title='bbox 1981 271 2051 302; x_wconf 85' lang='lat' dir='ltr'>Oct.</span> <span class='ocrx_word' id='word_1_23' title='bbox 2073 273 2127 309; x_wconf 89' lang='lat'>22;</span> <span class='ocrx_word' id='word_1_24' title='bbox 2141 272 2165 311; x_wconf 89' lang='lat'>¹)</span> 
     </span>
     <span class='ocr_line' id='line_1_3' title="bbox 26 321 2114 368; baseline 0.004 -20"><span class='ocrx_word' id='word_1_25' title='bbox 26 346 39 366; x_wconf 53' lang='lat'>„3</span> <span class='ocrx_word' id='word_1_26' title='bbox 74 328 107 368; x_wconf 78' lang='lat'>5)</span> <span class='ocrx_word' id='word_1_27' title='bbox 126 327 247 359; x_wconf 71' lang='lat' dir='ltr'>Anxius</span> <span class='ocrx_word' id='word_1_28' title='bbox 266 325 304 358; x_wconf 79' lang='lat' dir='ltr'>de</span> <span class='ocrx_word' id='word_1_29' title='bbox 323 325 430 360; x_wconf 77' lang='lat' dir='ltr'>Pedio,</span> <span class='ocrx_word' id='word_1_30' title='bbox 450 335 519 365; x_wconf 85' lang='lat' dir='ltr'>aep.</span> <span class='ocrx_word' id='word_1_31' title='bbox 541 323 772 365; x_wconf 86' lang='lat' dir='ltr'>Montisregalis</span> <span class='ocrx_word' id='word_1_32' title='bbox 796 338 827 349; x_wconf 82' lang='lat'><strong><em>=</em></strong></span> <span class='ocrx_word' id='word_1_33' title='bbox 853 324 904 354; x_wconf 91' lang='lat' dir='ltr'>tit.</span> <span class='ocrx_word' id='word_1_34' title='bbox 926 334 950 355; x_wconf 93' lang='grc'>8.</span> <span class='ocrx_word' id='word_1_35' title='bbox 972 323 1095 360; x_wconf 84' lang='lat' dir='ltr'>Vitalis,</span> <span class='ocrx_word' id='word_1_36' title='bbox 1116 323 1188 354; x_wconf 91' lang='lat' dir='ltr'>dein</span> <span class='ocrx_word' id='word_1_37' title='bbox 1209 333 1233 353; x_wconf 88' lang='lat' dir='ltr'>s.</span> <span class='ocrx_word' id='word_1_38' title='bbox 1258 322 1393 353; x_wconf 82' lang='lat' dir='ltr'>Sabinae</span> <span class='ocrx_word' id='word_1_39' title='bbox 1414 321 1680 362; x_wconf 85' lang='lat' dir='ltr'>(Montisregalis),</span> <span class='ocrx_word' id='word_1_40' title='bbox 1703 322 1721 362; x_wconf 81' lang='lat'>†</span> <span class='ocrx_word' id='word_1_41' title='bbox 1744 324 1820 354; x_wconf 88' lang='lat'>1483</span> <span class='ocrx_word' id='word_1_42' title='bbox 1844 323 1930 364; x_wconf 87' lang='lat' dir='ltr'>Sept.</span> <span class='ocrx_word' id='word_1_43' title='bbox 1952 325 1970 354; x_wconf 88' lang='lat'><strong>3</strong></span> <span class='ocrx_word' id='word_1_44' title='bbox 1992 325 2023 363; x_wconf 92' lang='lat'>(2</span> <span class='ocrx_word' id='word_1_45' title='bbox 2035 324 2076 364; x_wconf 69' lang='lat'>2);</span> <span class='ocrx_word' id='word_1_46' title='bbox 2090 324 2114 364; x_wconf 82' lang='lat'>2)</span> 
     </span>
    </p>
   </div>
   <div class='ocr_carea' id='block_1_3' title="bbox 0 408 47 690">
    <p class='ocr_par' dir='ltr' id='par_1_3' title="bbox 0 408 47 690">
     <span class='ocr_line' id='line_1_4' title="bbox 0 408 47 690; baseline 0 2638"><span class='ocrx_word' id='word_1_47' title='bbox 0 408 47 690; x_wconf 95' lang='lat' dir='ltr'> </span> 
     </span>
    </p>
   </div>
   <div class='ocr_carea' id='block_1_4' title="bbox 258 641 874 683">
    <p class='ocr_par' dir='ltr' id='par_1_4' title="bbox 258 641 874 683">
     <span class='ocr_line' id='line_1_5' title="bbox 258 641 874 683; baseline -0.003 -9"><span class='ocrx_word' id='word_1_48' title='bbox 258 643 528 682; x_wconf 86' lang='lat' dir='ltr'>Mediolanensis);</span> <span class='ocrx_word' id='word_1_49' title='bbox 555 643 574 683; x_wconf 95' lang='lat'>†</span> <span class='ocrx_word' id='word_1_50' title='bbox 602 643 678 673; x_wconf 84' lang='lat'>1488</span> <span class='ocrx_word' id='word_1_51' title='bbox 705 641 775 673; x_wconf 90' lang='lat' dir='ltr'>Oct.</span> <span class='ocrx_word' id='word_1_52' title='bbox 802 642 835 678; x_wconf 92' lang='grc'>2;</span> <span class='ocrx_word' id='word_1_53' title='bbox 849 641 874 680; x_wconf 80' lang='lat'>⁶)</span> 
     </span>
    </p>
   </div>
   <div class='ocr_carea' id='block_1_5' title="bbox 0 371 2279 631">
    <p class='ocr_par' dir='ltr' id='par_1_5' title="bbox 0 371 2279 470">
     <span class='ocr_line' id='line_1_6' title="bbox 0 371 2279 420; baseline 0.001 -12"><span class='ocrx_word' id='word_1_54' title='bbox 0 371 60 408; x_wconf 53' lang='grc' dir='ltr'><em>ἓ</em></span> <span class='ocrx_word' id='word_1_55' title='bbox 50 379 116 420; x_wconf 61' lang='lat'>226)</span> <span class='ocrx_word' id='word_1_56' title='bbox 126 379 237 412; x_wconf 74' lang='lat' dir='ltr'>Petrm</span> <span class='ocrx_word' id='word_1_57' title='bbox 255 378 438 410; x_wconf 77' lang='lat' dir='ltr'>Gundisalvi</span> <span class='ocrx_word' id='word_1_58' title='bbox 453 378 492 409; x_wconf 81' lang='lat' dir='ltr'>de</span> <span class='ocrx_word' id='word_1_59' title='bbox 509 377 672 412; x_wconf 80' lang='lat' dir='ltr'>Mendoza,</span> <span class='ocrx_word' id='word_1_60' title='bbox 691 387 739 418; x_wconf 91' lang='lat' dir='ltr'>ep.</span> <span class='ocrx_word' id='word_1_61' title='bbox 761 376 924 418; x_wconf 87' lang='lat' dir='ltr'>Seguntin.</span> <span class='ocrx_word' id='word_1_62' title='bbox 944 376 1029 416; x_wconf 88' lang='lat' dir='ltr'>(dein</span> <span class='ocrx_word' id='word_1_63' title='bbox 1047 387 1116 417; x_wconf 88' lang='lat' dir='ltr'>aep.</span> <span class='ocrx_word' id='word_1_64' title='bbox 1136 375 1299 416; x_wconf 85' lang='lat' dir='ltr'>Hispalen.</span> <span class='ocrx_word' id='word_1_65' title='bbox 1319 378 1352 406; x_wconf 82' lang='lat' dir='ltr'>et</span> <span class='ocrx_word' id='word_1_66' title='bbox 1369 374 1512 406; x_wconf 85' lang='lat' dir='ltr'>Toletan.</span> <span class='ocrx_word' id='word_1_67' title='bbox 1517 376 1583 414; x_wconf 87' lang='lat'>)—</span> <span class='ocrx_word' id='word_1_68' title='bbox 1552 390 1584 393; x_wconf 89' lang='lat'><strong>—</strong></span> <span class='ocrx_word' id='word_1_69' title='bbox 1610 375 1660 406; x_wconf 89' lang='lat' dir='ltr'>tit</span> <span class='ocrx_word' id='word_1_70' title='bbox 1680 386 1703 406; x_wconf 87' lang='grc'>8.</span> <span class='ocrx_word' id='word_1_71' title='bbox 1723 375 1841 407; x_wconf 85' lang='lat' dir='ltr'>Mariae</span> <span class='ocrx_word' id='word_1_72' title='bbox 1859 376 1890 407; x_wconf 90' lang='lat' dir='ltr'>in</span> <span class='ocrx_word' id='word_1_73' title='bbox 1909 377 2075 415; x_wconf 83' lang='lat' dir='ltr'>Domnica,</span> <span class='ocrx_word' id='word_1_74' title='bbox 2094 378 2166 409; x_wconf 91' lang='lat' dir='ltr'>dein</span> <span class='ocrx_word' id='word_1_75' title='bbox 2187 379 2279 418; x_wconf 86' lang='lat'>(1478</span> 
     </span>
     <span class='ocr_line' id='line_1_7' title="bbox 3 427 1742 470; baseline -0.002 -8"><span class='ocrx_word' id='word_1_76' title='bbox 3 429 59 467; x_wconf 52' lang='lat' dir='ltr'><em>J</em></span> <span class='ocrx_word' id='word_1_77' title='bbox 258 431 323 463; x_wconf 87' lang='lat' dir='ltr'>Jul</span> <span class='ocrx_word' id='word_1_78' title='bbox 348 432 379 470; x_wconf 88' lang='lat'>6)</span> <span class='ocrx_word' id='word_1_79' title='bbox 403 441 427 462; x_wconf 89' lang='grc'>8.</span> <span class='ocrx_word' id='word_1_80' title='bbox 452 430 559 462; x_wconf 80' lang='lat' dir='ltr'>Crucis</span> <span class='ocrx_word' id='word_1_81' title='bbox 584 429 790 470; x_wconf 87' lang='lat' dir='ltr'>(Seguntinus</span> <span class='ocrx_word' id='word_1_82' title='bbox 814 429 865 461; x_wconf 92' lang='lat' dir='ltr'>vel</span> <span class='ocrx_word' id='word_1_83' title='bbox 887 429 1084 470; x_wconf 82' lang='lat' dir='ltr'>Hispalensis</span> <span class='ocrx_word' id='word_1_84' title='bbox 1107 440 1162 460; x_wconf 89' lang='lat' dir='ltr'>seu</span> <span class='ocrx_word' id='word_1_85' title='bbox 1185 428 1380 467; x_wconf 87' lang='lat' dir='ltr'>Toletanus),</span> <span class='ocrx_word' id='word_1_86' title='bbox 1360 428 1424 468; x_wconf 89' lang='lat'>)†</span> <span class='ocrx_word' id='word_1_87' title='bbox 1449 428 1527 459; x_wconf 87' lang='lat'>1495</span> <span class='ocrx_word' id='word_1_88' title='bbox 1552 427 1742 467; x_wconf 79' lang='lat' dir='ltr'>Jan.11;³)</span> 
     </span>
    </p>

    <p class='ocr_par' dir='ltr' id='par_1_6' title="bbox 5 473 2034 525">
     <span class='ocr_line' id='line_1_8' title="bbox 5 473 2034 525; baseline -0.002 -8"><span class='ocrx_word' id='word_1_89' title='bbox 5 473 6 476; x_wconf 13' lang='grc' dir='ltr'><strong>Ἰ</strong></span> <span class='ocrx_word' id='word_1_90' title='bbox 44 484 106 525; x_wconf 85' lang='lat'>7)</span> <span class='ocrx_word' id='word_1_91' title='bbox 126 485 284 517; x_wconf 75' lang='lat' dir='ltr'>Antonius</span> <span class='ocrx_word' id='word_1_92' title='bbox 306 485 443 516; x_wconf 75' lang='lat' dir='ltr'>:Iacobus</span> <span class='ocrx_word' id='word_1_93' title='bbox 463 484 586 519; x_wconf 77' lang='lat' dir='ltr'>Veniet,</span> <span class='ocrx_word' id='word_1_94' title='bbox 608 494 656 524; x_wconf 91' lang='lat' dir='ltr'>ep.</span> <span class='ocrx_word' id='word_1_95' title='bbox 680 482 836 514; x_wconf 90' lang='lat' dir='ltr'>Conchen.</span> <span class='ocrx_word' id='word_1_96' title='bbox 862 497 894 508; x_wconf 87' lang='lat'><strong><em>=</em></strong></span> <span class='ocrx_word' id='word_1_97' title='bbox 920 483 970 513; x_wconf 90' lang='lat' dir='ltr'>tit.</span> <span class='ocrx_word' id='word_1_98' title='bbox 993 493 1017 513; x_wconf 91' lang='lat' dir='ltr'>s.</span> <span class='ocrx_word' id='word_1_99' title='bbox 1040 482 1116 520; x_wconf 89' lang='lat' dir='ltr'>Viti,</span> <span class='ocrx_word' id='word_1_100' title='bbox 1138 482 1210 513; x_wconf 88' lang='lat' dir='ltr'>dein</span> <span class='ocrx_word' id='word_1_101' title='bbox 1232 492 1256 512; x_wconf 91' lang='lat' dir='ltr'>s.</span> <span class='ocrx_word' id='word_1_102' title='bbox 1280 481 1449 512; x_wconf 87' lang='lat' dir='ltr'>Clementis</span> <span class='ocrx_word' id='word_1_103' title='bbox 1471 481 1697 520; x_wconf 85' lang='lat' dir='ltr'>(Conchensis),</span> <span class='ocrx_word' id='word_1_104' title='bbox 1720 482 1739 520; x_wconf 90' lang='lat'>†</span> <span class='ocrx_word' id='word_1_105' title='bbox 1762 482 1838 512; x_wconf 90' lang='lat'>1479</span> <span class='ocrx_word' id='word_1_106' title='bbox 1861 482 1940 523; x_wconf 88' lang='lat' dir='ltr'>Aug.</span> <span class='ocrx_word' id='word_1_107' title='bbox 1963 483 2034 522; x_wconf 76' lang='lat'>334)</span> 
     </span>
    </p>

    <p class='ocr_par' dir='ltr' id='par_1_7' title="bbox 38 534 2230 578">
     <span class='ocr_line' id='line_1_9' title="bbox 38 534 2230 578; baseline -0.001 -8"><span class='ocrx_word' id='word_1_108' title='bbox 38 534 45 537; x_wconf 35' lang='lat'>³</span> <span class='ocrx_word' id='word_1_109' title='bbox 46 538 106 578; x_wconf 95' lang='grc'>8)</span> <span class='ocrx_word' id='word_1_110' title='bbox 129 538 268 570; x_wconf 75' lang='lat' dir='ltr'>Joannes</span> <span class='ocrx_word' id='word_1_111' title='bbox 288 538 325 569; x_wconf 85' lang='lat' dir='ltr'>B.</span> <span class='ocrx_word' id='word_1_112' title='bbox 346 538 439 573; x_wconf 79' lang='lat' dir='ltr'>cybo,</span> <span class='ocrx_word' id='word_1_113' title='bbox 461 547 510 578; x_wconf 88' lang='lat' dir='ltr'>ep.</span> <span class='ocrx_word' id='word_1_114' title='bbox 533 536 687 567; x_wconf 84' lang='lat' dir='ltr'>Melfitan.</span> <span class='ocrx_word' id='word_1_115' title='bbox 713 550 745 561; x_wconf 94' lang='lat'><strong><em>=</em></strong></span> <span class='ocrx_word' id='word_1_116' title='bbox 771 536 821 566; x_wconf 89' lang='lat' dir='ltr'>tit.</span> <span class='ocrx_word' id='word_1_117' title='bbox 844 546 867 566; x_wconf 92' lang='lat' dir='ltr'>s.</span> <span class='ocrx_word' id='word_1_118' title='bbox 891 535 1054 573; x_wconf 87' lang='lat' dir='ltr'>Balbinae,</span> <span class='ocrx_word' id='word_1_119' title='bbox 1076 535 1149 566; x_wconf 91' lang='lat' dir='ltr'>dein</span> <span class='ocrx_word' id='word_1_120' title='bbox 1171 546 1194 566; x_wconf 95' lang='lat' dir='ltr'>s.</span> <span class='ocrx_word' id='word_1_121' title='bbox 1218 534 1369 566; x_wconf 81' lang='lat' dir='ltr'>Caeciliae</span> <span class='ocrx_word' id='word_1_122' title='bbox 1392 534 1610 574; x_wconf 88' lang='lat' dir='ltr'>(Melfitanus),</span> <span class='ocrx_word' id='word_1_123' title='bbox 1633 534 1769 575; x_wconf 89' lang='lat' dir='ltr'>denique</span> <span class='ocrx_word' id='word_1_124' title='bbox 1791 535 1996 566; x_wconf 80' lang='lat' dir='ltr'>Innocentius</span> <span class='ocrx_word' id='word_1_125' title='bbox 2018 547 2070 577; x_wconf 91' lang='lat' dir='ltr'>pp.</span> <span class='ocrx_word' id='word_1_126' title='bbox 2093 537 2174 568; x_wconf 91' lang='lat' dir='ltr'>VIII</span> <span class='ocrx_word' id='word_1_127' title='bbox 2182 548 2188 575; x_wconf 88' lang='lat'>;</span> <span class='ocrx_word' id='word_1_128' title='bbox 2203 538 2230 578; x_wconf 82' lang='lat'>⁵)</span> 
     </span>
    </p>

    <p class='ocr_par' dir='ltr' id='par_1_8' title="bbox 26 577 2278 631">
     <span class='ocr_line' id='line_1_10' title="bbox 26 577 2278 631; baseline 0 -9"><span class='ocrx_word' id='word_1_129' title='bbox 26 577 47 631; x_wconf 11' lang='grc' dir='ltr'>,η’</span> <span class='ocrx_word' id='word_1_130' title='bbox 74 591 106 631; x_wconf 87' lang='grc'>9)</span> <span class='ocrx_word' id='word_1_131' title='bbox 129 591 269 623; x_wconf 65' lang='lat' dir='ltr'>loannes</span> <span class='ocrx_word' id='word_1_132' title='bbox 287 589 516 625; x_wconf 81' lang='lat' dir='ltr'>Arcimboldus,</span> <span class='ocrx_word' id='word_1_133' title='bbox 536 601 584 631; x_wconf 91' lang='lat' dir='ltr'>ep.</span> <span class='ocrx_word' id='word_1_134' title='bbox 606 589 787 625; x_wconf 62' lang='lat' dir='ltr'>Novarien„</span> <span class='ocrx_word' id='word_1_135' title='bbox 808 588 880 619; x_wconf 92' lang='lat' dir='ltr'>dein</span> <span class='ocrx_word' id='word_1_136' title='bbox 901 599 969 629; x_wconf 93' lang='lat' dir='ltr'>aep.</span> <span class='ocrx_word' id='word_1_137' title='bbox 990 588 1199 619; x_wconf 86' lang='lat' dir='ltr'>Mediolanen.</span> <span class='ocrx_word' id='word_1_138' title='bbox 1225 603 1257 606; x_wconf 84' lang='grc'>-</span> <span class='ocrx_word' id='word_1_139' title='bbox 1226 588 1333 618; x_wconf 87' lang='lat' dir='ltr'>—.tit</span> <span class='ocrx_word' id='word_1_140' title='bbox 1355 598 1395 619; x_wconf 89' lang='lat' dir='ltr'>ss.</span> <span class='ocrx_word' id='word_1_141' title='bbox 1411 587 1503 618; x_wconf 90' lang='lat' dir='ltr'>Nerei</span> <span class='ocrx_word' id='word_1_142' title='bbox 1523 591 1556 618; x_wconf 90' lang='lat' dir='ltr'>et</span> <span class='ocrx_word' id='word_1_143' title='bbox 1575 587 1664 624; x_wconf 89' lang='lat' dir='ltr'>Ach.‚</span> <span class='ocrx_word' id='word_1_144' title='bbox 1685 587 1757 618; x_wconf 87' lang='lat' dir='ltr'>dein</span> <span class='ocrx_word' id='word_1_145' title='bbox 1778 599 1801 618; x_wconf 90' lang='lat' dir='ltr'>s.</span> <span class='ocrx_word' id='word_1_146' title='bbox 1819 588 1969 619; x_wconf 89' lang='lat' dir='ltr'>Praxedis</span> <span class='ocrx_word' id='word_1_147' title='bbox 1990 589 2205 628; x_wconf 87' lang='lat' dir='ltr'>(Novariensis</span> <span class='ocrx_word' id='word_1_148' title='bbox 2224 602 2278 622; x_wconf 88' lang='lat' dir='ltr'>seu</span> 
     </span>
    </p>
   </div>
   <div class='ocr_carea' id='block_1_6' title="bbox 0 693 2276 758">
    <p class='ocr_par' dir='ltr' id='par_1_9' title="bbox 0 670 2276 758">
     <span class='ocr_line' id='line_1_11' title="bbox 0 693 2276 758; baseline 0 -30"><span class='ocrx_word' id='word_1_149' title='bbox 0 720 34 758; x_wconf 57' lang='grc' dir='ltr'>ἵ</span> <span class='ocrx_word' id='word_1_150' title='bbox 57 697 107 736; x_wconf 92' lang='grc'>10)</span> <span class='ocrx_word' id='word_1_151' title='bbox 128 697 315 728; x_wconf 78' lang='lat' dir='ltr'>Philibertus</span> <span class='ocrx_word' id='word_1_152' title='bbox 331 696 489 732; x_wconf 79' lang='lat' dir='ltr'>nugonet,</span> <span class='ocrx_word' id='word_1_153' title='bbox 507 706 556 736; x_wconf 91' lang='lat' dir='ltr'>ep.</span> <span class='ocrx_word' id='word_1_154' title='bbox 574 695 831 726; x_wconf 36' lang='lat' dir='ltr'>Matisconenf</span> <span class='ocrx_word' id='word_1_155' title='bbox 799 716 831 719; x_wconf 84' lang='lat'><strong>—</strong></span> <span class='ocrx_word' id='word_1_156' title='bbox 850 695 900 725; x_wconf 86' lang='lat' dir='ltr'>tit.</span> <span class='ocrx_word' id='word_1_157' title='bbox 920 705 943 725; x_wconf 91' lang='lat' dir='ltr'>s.</span> <span class='ocrx_word' id='word_1_158' title='bbox 962 694 1102 725; x_wconf 90' lang='lat' dir='ltr'>Luciae</span> <span class='ocrx_word' id='word_1_159' title='bbox 1095 705 1126 724; x_wconf 94' lang='lat' dir='ltr'>1n</span> <span class='ocrx_word' id='word_1_160' title='bbox 1144 694 1238 731; x_wconf 90' lang='lat' dir='ltr'>silice,</span> <span class='ocrx_word' id='word_1_161' title='bbox 1257 693 1329 724; x_wconf 89' lang='lat' dir='ltr'>dein</span> <span class='ocrx_word' id='word_1_162' title='bbox 1349 693 1440 733; x_wconf 88' lang='lat'>(1477</span> <span class='ocrx_word' id='word_1_163' title='bbox 1458 693 1537 734; x_wconf 87' lang='lat' dir='ltr'>Aug.</span> <span class='ocrx_word' id='word_1_164' title='bbox 1559 693 1608 732; x_wconf 90' lang='lat'>17)</span> <span class='ocrx_word' id='word_1_165' title='bbox 1626 704 1666 725; x_wconf 90' lang='lat' dir='ltr'>ss</span> <span class='ocrx_word' id='word_1_166' title='bbox 1688 694 1708 725; x_wconf 90' lang='lat' dir='ltr'>J</span> <span class='ocrx_word' id='word_1_167' title='bbox 1711 704 1821 724; x_wconf 81' lang='lat' dir='ltr'>oannls</span> <span class='ocrx_word' id='word_1_168' title='bbox 1838 698 1871 725; x_wconf 87' lang='lat' dir='ltr'>et</span> <span class='ocrx_word' id='word_1_169' title='bbox 1888 694 1978 725; x_wconf 86' lang='lat' dir='ltr'>Pauli</span> <span class='ocrx_word' id='word_1_170' title='bbox 1997 695 2276 736; x_wconf 88' lang='lat' dir='ltr'>(Matisconensis);</span> 
     </span>
    </p>
   </div>
   <div class='ocr_carea' id='block_1_7' title="bbox 258 746 1810 790">
    <p class='ocr_par' dir='ltr' id='par_1_10' title="bbox 258 746 1810 790">
     <span class='ocr_line' id='line_1_12' title="bbox 258 746 1810 790; baseline -0.002 -10"><span class='ocrx_word' id='word_1_171' title='bbox 258 749 278 789; x_wconf 68' lang='grc'>’1-</span> <span class='ocrx_word' id='word_1_172' title='bbox 298 750 375 780; x_wconf 88' lang='grc'>1484</span> <span class='ocrx_word' id='word_1_173' title='bbox 396 748 482 790; x_wconf 88' lang='lat' dir='ltr'>Sept.</span> <span class='ocrx_word' id='word_1_174' title='bbox 505 749 555 778; x_wconf 94' lang='lat'>11·</span> <span class='ocrx_word' id='word_1_175' title='bbox 549 748 594 787; x_wconf 91' lang='lat'>,⁷)</span> <span class='ocrx_word' id='word_1_176' title='bbox 625 759 655 779; x_wconf 93' lang='lat' dir='ltr'>v.</span> <span class='ocrx_word' id='word_1_177' title='bbox 675 747 757 788; x_wconf 91' lang='lat' dir='ltr'>App.</span> <span class='ocrx_word' id='word_1_178' title='bbox 779 746 794 777; x_wconf 96' lang='lat' dir='ltr'>I</span> <span class='ocrx_word' id='word_1_179' title='bbox 813 758 859 778; x_wconf 88' lang='lat' dir='ltr'>nr.</span> <span class='ocrx_word' id='word_1_180' title='bbox 880 748 949 784; x_wconf 89' lang='lat'>369,</span> <span class='ocrx_word' id='word_1_181' title='bbox 969 748 1038 784; x_wconf 90' lang='lat'>401,</span> <span class='ocrx_word' id='word_1_182' title='bbox 1058 748 1127 784; x_wconf 88' lang='grc'>424,</span> <span class='ocrx_word' id='word_1_183' title='bbox 1147 748 1216 784; x_wconf 85' lang='grc'>425,</span> <span class='ocrx_word' id='word_1_184' title='bbox 1237 748 1306 784; x_wconf 88' lang='lat'>445,</span> <span class='ocrx_word' id='word_1_185' title='bbox 1326 747 1399 783; x_wconf 88' lang='lat'>500;</span> <span class='ocrx_word' id='word_1_186' title='bbox 1431 746 1484 777; x_wconf 88' lang='lat' dir='ltr'>lib.</span> <span class='ocrx_word' id='word_1_187' title='bbox 1506 746 1538 776; x_wconf 94' lang='lat' dir='ltr'>II</span> <span class='ocrx_word' id='word_1_188' title='bbox 1558 757 1581 777; x_wconf 90' lang='lat' dir='ltr'>s.</span> <span class='ocrx_word' id='word_1_189' title='bbox 1602 757 1633 777; x_wconf 89' lang='lat' dir='ltr'>v.</span> <span class='ocrx_word' id='word_1_190' title='bbox 1653 747 1810 784; x_wconf 38' lang='lat' dir='ltr'>Aedueng</span> 
     </span>
    </p>
   </div>
   <div class='ocr_carea' id='block_1_8' title="bbox 707 869 1605 911">
    <p class='ocr_par' dir='ltr' id='par_1_11' title="bbox 707 869 1605 911">
     <span class='ocr_line' id='line_1_13' title="bbox 707 869 1605 911; baseline -0.001 -10"><span class='ocrx_word' id='word_1_191' title='bbox 707 873 735 909; x_wconf 88' lang='lat' dir='ltr'>c)</span> <span class='ocrx_word' id='word_1_192' title='bbox 758 871 792 901; x_wconf 75' lang='lat' dir='ltr'>in</span> <span class='ocrx_word' id='word_1_193' title='bbox 813 871 900 901; x_wconf 76' lang='lat' dir='ltr'>tertia</span> <span class='ocrx_word' id='word_1_194' title='bbox 921 870 1108 911; x_wconf 75' lang='lat' dir='ltr'>promotione</span> <span class='ocrx_word' id='word_1_195' title='bbox 1128 869 1177 900; x_wconf 66' lang='lat' dir='ltr'>die</span> <span class='ocrx_word' id='word_1_196' title='bbox 1199 870 1238 900; x_wconf 89' lang='grc'>18</span> <span class='ocrx_word' id='word_1_197' title='bbox 1258 869 1329 900; x_wconf 84' lang='lat' dir='ltr'>Dec.</span> <span class='ocrx_word' id='word_1_198' title='bbox 1353 869 1433 900; x_wconf 79' lang='lat'>1476</span> <span class='ocrx_word' id='word_1_199' title='bbox 1453 869 1567 900; x_wconf 68' lang='lat' dir='ltr'>habita:</span> <span class='ocrx_word' id='word_1_200' title='bbox 1579 870 1605 909; x_wconf 84' lang='lat'>⁸)</span> 
     </span>
    </p>
   </div>
   <div class='ocr_carea' id='block_1_9' title="bbox 58 966 2279 1010">
    <p class='ocr_par' dir='ltr' id='par_1_12' title="bbox 58 966 2279 1010">
     <span class='ocr_line' id='line_1_14' title="bbox 58 966 2279 1010; baseline 0 -9"><span class='ocrx_word' id='word_1_201' title='bbox 58 971 108 1010; x_wconf 93' lang='grc'>11)</span> <span class='ocrx_word' id='word_1_202' title='bbox 121 970 274 1006; x_wconf 73' lang='lat' dir='ltr'>Georgius</span> <span class='ocrx_word' id='word_1_203' title='bbox 288 970 326 1002; x_wconf 81' lang='lat' dir='ltr'>de</span> <span class='ocrx_word' id='word_1_204' title='bbox 341 970 432 1001; x_wconf 68' lang='lat' dir='ltr'>Costa</span> <span class='ocrx_word' id='word_1_205' title='bbox 448 969 497 1009; x_wconf 94' lang='lat' dir='ltr'>(O.</span> <span class='ocrx_word' id='word_1_206' title='bbox 515 969 614 1008; x_wconf 60' lang='lat' dir='ltr'>Cist),</span> <span class='ocrx_word' id='word_1_207' title='bbox 632 979 700 1009; x_wconf 89' lang='lat' dir='ltr'>aep.</span> <span class='ocrx_word' id='word_1_208' title='bbox 719 967 909 999; x_wconf 85' lang='lat' dir='ltr'>Ulixbonen.</span> <span class='ocrx_word' id='word_1_209' title='bbox 935 982 967 992; x_wconf 94' lang='lat'><strong><em>=</em></strong></span> <span class='ocrx_word' id='word_1_210' title='bbox 993 968 1044 998; x_wconf 87' lang='lat' dir='ltr'>tit.</span> <span class='ocrx_word' id='word_1_211' title='bbox 1061 978 1100 998; x_wconf 86' lang='grc'>88.</span> <span class='ocrx_word' id='word_1_212' title='bbox 1118 966 1290 998; x_wconf 82' lang='lat' dir='ltr'>Marcellini</span> <span class='ocrx_word' id='word_1_213' title='bbox 1307 970 1339 997; x_wconf 89' lang='lat' dir='ltr'>et</span> <span class='ocrx_word' id='word_1_214' title='bbox 1355 967 1451 1004; x_wconf 89' lang='lat' dir='ltr'>Petri,</span> <span class='ocrx_word' id='word_1_215' title='bbox 1468 966 1540 997; x_wconf 91' lang='lat' dir='ltr'>dein</span> <span class='ocrx_word' id='word_1_216' title='bbox 1558 968 1650 1007; x_wconf 88' lang='lat'>(1484</span> <span class='ocrx_word' id='word_1_217' title='bbox 1666 979 1708 999; x_wconf 90' lang='lat' dir='ltr'>m.</span> <span class='ocrx_word' id='word_1_218' title='bbox 1720 968 1816 1007; x_wconf 90' lang='lat' dir='ltr'>Nov.)</span> <span class='ocrx_word' id='word_1_219' title='bbox 1833 979 1857 999; x_wconf 91' lang='lat' dir='ltr'>s.</span> <span class='ocrx_word' id='word_1_220' title='bbox 1869 968 1988 1000; x_wconf 86' lang='lat' dir='ltr'>Mariae</span> <span class='ocrx_word' id='word_1_221' title='bbox 2005 973 2093 1000; x_wconf 87' lang='lat' dir='ltr'>trans</span> <span class='ocrx_word' id='word_1_222' title='bbox 2109 970 2177 1001; x_wconf 89' lang='lat' dir='ltr'>Tib.</span> <span class='ocrx_word' id='word_1_223' title='bbox 2191 971 2279 1010; x_wconf 87' lang='lat' dir='ltr'>(Por-</span> 
     </span>
    </p>
   </div>
   <div class='ocr_carea' id='block_1_10' title="bbox 259 1021 789 1064">
    <p class='ocr_par' dir='ltr' id='par_1_13' title="bbox 259 1021 789 1064">
     <span class='ocr_line' id='line_1_15' title="bbox 259 1021 789 1064; baseline -0.002 -11"><span class='ocrx_word' id='word_1_224' title='bbox 259 1022 441 1064; x_wconf 82' lang='lat' dir='ltr'>tugallensis</span> <span class='ocrx_word' id='word_1_225' title='bbox 462 1032 517 1053; x_wconf 88' lang='lat' dir='ltr'>seu</span> <span class='ocrx_word' id='word_1_226' title='bbox 538 1021 789 1060; x_wconf 87' lang='lat' dir='ltr'>Ulixbonensis);</span> 
     </span>
    </p>
   </div>
   <div class='ocr_carea' id='block_1_11' title="bbox 824 1019 1331 1061">
    <p class='ocr_par' dir='ltr' id='par_1_14' title="bbox 824 1019 1331 1061">
     <span class='ocr_line' id='line_1_16' title="bbox 824 1019 1331 1061; baseline -0.002 -10"><span class='ocrx_word' id='word_1_227' title='bbox 824 1021 843 1060; x_wconf 84' lang='lat'>†</span> <span class='ocrx_word' id='word_1_228' title='bbox 867 1021 944 1051; x_wconf 85' lang='lat'>1508</span> <span class='ocrx_word' id='word_1_229' title='bbox 969 1020 1055 1061; x_wconf 77' lang='lat' dir='ltr'>Sept.</span> <span class='ocrx_word' id='word_1_230' title='bbox 1081 1021 1117 1050; x_wconf 88' lang='lat'>19</span> <span class='ocrx_word' id='word_1_231' title='bbox 1141 1019 1204 1060; x_wconf 77' lang='lat' dir='ltr'>(vel</span> <span class='ocrx_word' id='word_1_232' title='bbox 1228 1021 1292 1059; x_wconf 86' lang='lat'>18);</span> <span class='ocrx_word' id='word_1_233' title='bbox 1306 1019 1331 1059; x_wconf 79' lang='lat'>⁹)</span> 
     </span>
    </p>
   </div>
   <div class='ocr_carea' id='block_1_12' title="bbox 59 1072 1986 1169">
    <p class='ocr_par' dir='ltr' id='par_1_15' title="bbox 59 1072 1986 1169">
     <span class='ocr_line' id='line_1_17' title="bbox 61 1072 1986 1116; baseline -0.002 -8"><span class='ocrx_word' id='word_1_234' title='bbox 61 1077 110 1116; x_wconf 89' lang='grc'>12)</span> <span class='ocrx_word' id='word_1_235' title='bbox 131 1076 262 1108; x_wconf 65' lang='lat' dir='ltr'>carolus</span> <span class='ocrx_word' id='word_1_236' title='bbox 281 1076 320 1108; x_wconf 85' lang='lat' dir='ltr'>de</span> <span class='ocrx_word' id='word_1_237' title='bbox 339 1075 506 1110; x_wconf 84' lang='lat' dir='ltr'>Borbonio,</span> <span class='ocrx_word' id='word_1_238' title='bbox 528 1085 596 1115; x_wconf 86' lang='lat' dir='ltr'>acp.</span> <span class='ocrx_word' id='word_1_239' title='bbox 619 1074 864 1115; x_wconf 89' lang='lat' dir='ltr'>Lugdunen.—</span> <span class='ocrx_word' id='word_1_240' title='bbox 833 1096 864 1098; x_wconf 92' lang='lat'><strong>—</strong></span> <span class='ocrx_word' id='word_1_241' title='bbox 890 1074 940 1104; x_wconf 90' lang='lat' dir='ltr'>tit.</span> <span class='ocrx_word' id='word_1_242' title='bbox 964 1084 987 1104; x_wconf 87' lang='lat' dir='ltr'>s.</span> <span class='ocrx_word' id='word_1_243' title='bbox 1011 1073 1139 1104; x_wconf 87' lang='lat' dir='ltr'>Martini</span> <span class='ocrx_word' id='word_1_244' title='bbox 1161 1073 1193 1104; x_wconf 89' lang='lat' dir='ltr'>in</span> <span class='ocrx_word' id='word_1_245' title='bbox 1215 1077 1315 1103; x_wconf 90' lang='lat' dir='ltr'>mont.</span> <span class='ocrx_word' id='word_1_246' title='bbox 1340 1073 1391 1112; x_wconf 91' lang='lat' dir='ltr'>(de</span> <span class='ocrx_word' id='word_1_247' title='bbox 1414 1072 1601 1112; x_wconf 87' lang='lat' dir='ltr'>Borbonio)</span> <span class='ocrx_word' id='word_1_248' title='bbox 1577 1074 1644 1113; x_wconf 88' lang='lat'>),†</span> <span class='ocrx_word' id='word_1_249' title='bbox 1667 1075 1745 1105; x_wconf 89' lang='lat'>1488</span> <span class='ocrx_word' id='word_1_250' title='bbox 1769 1074 1856 1115; x_wconf 88' lang='lat' dir='ltr'>Sept.</span> <span class='ocrx_word' id='word_1_251' title='bbox 1882 1076 1933 1105; x_wconf 91' lang='lat'>13</span> <span class='ocrx_word' id='word_1_252' title='bbox 1927 1075 1986 1114; x_wconf 80' lang='grc'>,10)</span> 
     </span>
     <span class='ocr_line' id='line_1_18' title="bbox 59 1126 1924 1169; baseline -0.002 -8"><span class='ocrx_word' id='word_1_253' title='bbox 59 1129 110 1168; x_wconf 88' lang='grc'>13)</span> <span class='ocrx_word' id='word_1_254' title='bbox 130 1129 241 1161; x_wconf 72' lang='lat' dir='ltr'>Petrus</span> <span class='ocrx_word' id='word_1_255' title='bbox 258 1129 382 1164; x_wconf 74' lang='lat' dir='ltr'>Ferrici,</span> <span class='ocrx_word' id='word_1_256' title='bbox 403 1126 451 1169; x_wconf 87' lang='lat' dir='ltr'>ep.</span> <span class='ocrx_word' id='word_1_257' title='bbox 473 1128 653 1158; x_wconf 89' lang='lat' dir='ltr'>Tirasonen.</span> <span class='ocrx_word' id='word_1_258' title='bbox 680 1142 711 1153; x_wconf 86' lang='lat'><strong><em>=</em></strong></span> <span class='ocrx_word' id='word_1_259' title='bbox 737 1128 787 1158; x_wconf 90' lang='lat' dir='ltr'>tit.</span> <span class='ocrx_word' id='word_1_260' title='bbox 809 1138 833 1158; x_wconf 92' lang='grc'>8.</span> <span class='ocrx_word' id='word_1_261' title='bbox 857 1126 938 1157; x_wconf 87' lang='lat' dir='ltr'>Sixti</span> <span class='ocrx_word' id='word_1_262' title='bbox 959 1126 1209 1166; x_wconf 85' lang='lat' dir='ltr'>(Tirasonensis),</span> <span class='ocrx_word' id='word_1_263' title='bbox 1231 1126 1348 1166; x_wconf 90' lang='lat'>†1478</span> <span class='ocrx_word' id='word_1_264' title='bbox 1371 1126 1457 1166; x_wconf 85' lang='lat' dir='ltr'>Sept.</span> <span class='ocrx_word' id='word_1_265' title='bbox 1478 1127 1531 1163; x_wconf 90' lang='grc'>25;</span> <span class='ocrx_word' id='word_1_266' title='bbox 1553 1126 1634 1167; x_wconf 91' lang='lat' dir='ltr'>App.</span> <span class='ocrx_word' id='word_1_267' title='bbox 1657 1127 1738 1158; x_wconf 88' lang='lat' dir='ltr'>Inr.</span> <span class='ocrx_word' id='word_1_268' title='bbox 1760 1127 1829 1164; x_wconf 87' lang='lat'>387,</span> <span class='ocrx_word' id='word_1_269' title='bbox 1851 1129 1924 1165; x_wconf 89' lang='lat'>394,</span> 
     </span>
    </p>
   </div>
   <div class='ocr_carea' id='block_1_13' title="bbox 58 1228 696 1275">
    <p class='ocr_par' dir='ltr' id='par_1_16' title="bbox 58 1228 696 1275">
     <span class='ocr_line' id='line_1_19' title="bbox 58 1228 696 1275; baseline -0.002 -9"><span class='ocrx_word' id='word_1_270' title='bbox 58 1235 110 1275; x_wconf 82' lang='lat'>15)</span> <span class='ocrx_word' id='word_1_271' title='bbox 130 1235 240 1268; x_wconf 71' lang='lat' dir='ltr'>Petrus</span> <span class='ocrx_word' id='word_1_272' title='bbox 256 1228 295 1267; x_wconf 72' lang='lat' dir='ltr'>&#39;de</span> <span class='ocrx_word' id='word_1_273' title='bbox 311 1234 410 1270; x_wconf 79' lang='lat' dir='ltr'>ruxo,</span> <span class='ocrx_word' id='word_1_274' title='bbox 429 1234 466 1265; x_wconf 75' lang='lat' dir='ltr'>el.</span> <span class='ocrx_word' id='word_1_275' title='bbox 486 1234 638 1265; x_wconf 72' lang='lat' dir='ltr'>veneten.</span> <span class='ocrx_word' id='word_1_276' title='bbox 664 1249 696 1259; x_wconf 89' lang='lat'><strong><em>=</em></strong></span> 
     </span>
    </p>
   </div>
   <div class='ocr_carea' id='block_1_14' title="bbox 0 1409 1118 2982">
    <p class='ocr_par' dir='ltr' id='par_1_17' title="bbox 56 1409 1113 1533">
     <span class='ocr_line' id='line_1_20' title="bbox 128 1409 1113 1445; baseline -0.003 -8"><span class='ocrx_word' id='word_1_277' title='bbox 128 1411 150 1443; x_wconf 89' lang='lat'>¹)</span> <span class='ocrx_word' id='word_1_278' title='bbox 168 1409 222 1437; x_wconf 68' lang='lat' dir='ltr'>Otr.</span> <span class='ocrx_word' id='word_1_279' title='bbox 238 1410 310 1445; x_wconf 86' lang='lat' dir='ltr'>App.</span> <span class='ocrx_word' id='word_1_280' title='bbox 326 1410 340 1436; x_wconf 94' lang='lat' dir='ltr'>I</span> <span class='ocrx_word' id='word_1_281' title='bbox 355 1418 396 1436; x_wconf 89' lang='lat' dir='ltr'>nr.</span> <span class='ocrx_word' id='word_1_282' title='bbox 413 1411 474 1441; x_wconf 86' lang='lat'>352,</span> <span class='ocrx_word' id='word_1_283' title='bbox 489 1411 550 1441; x_wconf 92' lang='lat'>440,</span> <span class='ocrx_word' id='word_1_284' title='bbox 566 1410 626 1439; x_wconf 84' lang='lat'>453,</span> <span class='ocrx_word' id='word_1_285' title='bbox 642 1410 703 1440; x_wconf 83' lang='lat'>475,</span> <span class='ocrx_word' id='word_1_286' title='bbox 719 1410 770 1435; x_wconf 88' lang='grc'>503</span> <span class='ocrx_word' id='word_1_287' title='bbox 786 1410 877 1442; x_wconf 70' lang='lat' dir='ltr'>(not),</span> <span class='ocrx_word' id='word_1_288' title='bbox 893 1410 952 1435; x_wconf 87' lang='lat'>504.</span> <span class='ocrx_word' id='word_1_289' title='bbox 984 1409 1113 1435; x_wconf 88' lang='lat' dir='ltr'>Obtinuit</span> 
     </span>
     <span class='ocr_line' id='line_1_21' title="bbox 57 1453 1111 1483; baseline -0.003 -2"><span class='ocrx_word' id='word_1_290' title='bbox 57 1454 88 1481; x_wconf 78' lang='lat' dir='ltr'>in</span> <span class='ocrx_word' id='word_1_291' title='bbox 105 1462 204 1481; x_wconf 77' lang='lat' dir='ltr'>comm.</span> <span class='ocrx_word' id='word_1_292' title='bbox 225 1463 298 1480; x_wconf 89' lang='lat' dir='ltr'>mon.</span> <span class='ocrx_word' id='word_1_293' title='bbox 319 1463 340 1480; x_wconf 85' lang='grc'>8.</span> <span class='ocrx_word' id='word_1_294' title='bbox 364 1454 515 1481; x_wconf 84' lang='lat' dir='ltr'>Salvatoris</span> <span class='ocrx_word' id='word_1_295' title='bbox 534 1454 619 1480; x_wconf 86' lang='lat' dir='ltr'>dioec.</span> <span class='ocrx_word' id='word_1_296' title='bbox 641 1454 780 1479; x_wconf 87' lang='lat' dir='ltr'>Lodoven.</span> <span class='ocrx_word' id='word_1_297' title='bbox 803 1454 834 1479; x_wconf 89' lang='lat'>31</span> <span class='ocrx_word' id='word_1_298' title='bbox 857 1453 917 1479; x_wconf 85' lang='lat' dir='ltr'>Oct.</span> <span class='ocrx_word' id='word_1_299' title='bbox 941 1454 1017 1483; x_wconf 89' lang='grc'>1473,</span> <span class='ocrx_word' id='word_1_300' title='bbox 1039 1461 1111 1478; x_wconf 89' lang='lat' dir='ltr'>mon.</span> 
     </span>
     <span class='ocr_line' id='line_1_22' title="bbox 56 1497 1111 1533; baseline -0.004 -7"><span class='ocrx_word' id='word_1_301' title='bbox 56 1497 92 1526; x_wconf 64' lang='lat' dir='ltr'>db</span> <span class='ocrx_word' id='word_1_302' title='bbox 100 1497 178 1533; x_wconf 63' lang='lat' dir='ltr'>Psya</span> <span class='ocrx_word' id='word_1_303' title='bbox 187 1498 219 1525; x_wconf 93' lang='grc' dir='ltr'>Ο.</span> <span class='ocrx_word' id='word_1_304' title='bbox 233 1499 259 1525; x_wconf 88' lang='lat' dir='ltr'>S.</span> <span class='ocrx_word' id='word_1_305' title='bbox 271 1498 304 1524; x_wconf 92' lang='grc' dir='ltr'>Β.</span> <span class='ocrx_word' id='word_1_306' title='bbox 315 1498 400 1524; x_wconf 88' lang='lat' dir='ltr'>dioec.</span> <span class='ocrx_word' id='word_1_307' title='bbox 413 1498 595 1532; x_wconf 84' lang='lat' dir='ltr'>Burdegalen.</span> <span class='ocrx_word' id='word_1_308' title='bbox 617 1499 648 1524; x_wconf 89' lang='grc'>21</span> <span class='ocrx_word' id='word_1_309' title='bbox 660 1498 732 1524; x_wconf 85' lang='lat' dir='ltr'>Nov.</span> <span class='ocrx_word' id='word_1_310' title='bbox 746 1498 822 1528; x_wconf 90' lang='lat'>1473,</span> <span class='ocrx_word' id='word_1_311' title='bbox 842 1498 886 1523; x_wconf 91' lang='lat' dir='ltr'>die</span> <span class='ocrx_word' id='word_1_312' title='bbox 896 1500 990 1523; x_wconf 86' lang='lat' dir='ltr'>autem</span> <span class='ocrx_word' id='word_1_313' title='bbox 1001 1498 1035 1522; x_wconf 87' lang='lat'>24</span> <span class='ocrx_word' id='word_1_314' title='bbox 1045 1497 1111 1522; x_wconf 90' lang='lat' dir='ltr'>Dec.</span> 
     </span>
    </p>

    <p class='ocr_par' dir='ltr' id='par_1_18' title="bbox 55 1541 1113 1665">
     <span class='ocr_line' id='line_1_23' title="bbox 55 1541 1112 1576; baseline -0.004 -6"><span class='ocrx_word' id='word_1_315' title='bbox 55 1542 126 1571; x_wconf 76' lang='lat'>1473</span> <span class='ocrx_word' id='word_1_316' title='bbox 145 1551 219 1569; x_wconf 90' lang='lat' dir='ltr'>mon.</span> <span class='ocrx_word' id='word_1_317' title='bbox 240 1551 261 1568; x_wconf 90' lang='grc'>8.</span> <span class='ocrx_word' id='word_1_318' title='bbox 285 1542 419 1576; x_wconf 80' lang='lat' dir='ltr'>Stephani</span> <span class='ocrx_word' id='word_1_319' title='bbox 439 1542 470 1568; x_wconf 97' lang='lat' dir='ltr'>O.</span> <span class='ocrx_word' id='word_1_320' title='bbox 494 1542 521 1569; x_wconf 87' lang='lat' dir='ltr'>S.</span> <span class='ocrx_word' id='word_1_321' title='bbox 543 1542 575 1568; x_wconf 93' lang='lat' dir='ltr'>B.</span> <span class='ocrx_word' id='word_1_322' title='bbox 598 1542 728 1572; x_wconf 80' lang='lat' dir='ltr'>Januen.,</span> <span class='ocrx_word' id='word_1_323' title='bbox 750 1542 824 1575; x_wconf 90' lang='lat' dir='ltr'>quod</span> <span class='ocrx_word' id='word_1_324' title='bbox 845 1542 956 1575; x_wconf 86' lang='lat' dir='ltr'>quidem</span> <span class='ocrx_word' id='word_1_325' title='bbox 979 1543 1011 1567; x_wconf 91' lang='lat'>15</span> <span class='ocrx_word' id='word_1_326' title='bbox 1030 1541 1112 1567; x_wconf 87' lang='lat' dir='ltr'>Mart.</span> 
     </span>
     <span class='ocr_line' id='line_1_24' title="bbox 58 1585 1113 1622; baseline -0.002 -9"><span class='ocrx_word' id='word_1_327' title='bbox 58 1586 127 1614; x_wconf 83' lang='lat'>1474</span> <span class='ocrx_word' id='word_1_328' title='bbox 140 1587 290 1622; x_wconf 70' lang='lat' dir='ltr'>resignavit</span> <span class='ocrx_word' id='word_1_329' title='bbox 304 1586 555 1613; x_wconf 80' lang='lat' dir='ltr'>commendandum</span> <span class='ocrx_word' id='word_1_330' title='bbox 570 1586 741 1620; x_wconf 87' lang='lat' dir='ltr'>Hieronymo</span> <span class='ocrx_word' id='word_1_331' title='bbox 756 1586 790 1612; x_wconf 90' lang='lat' dir='ltr'>de</span> <span class='ocrx_word' id='word_1_332' title='bbox 805 1586 911 1612; x_wconf 86' lang='lat' dir='ltr'>Comite</span> <span class='ocrx_word' id='word_1_333' title='bbox 926 1594 985 1611; x_wconf 88' lang='lat' dir='ltr'>can.</span> <span class='ocrx_word' id='word_1_334' title='bbox 1002 1585 1113 1611; x_wconf 86' lang='lat' dir='ltr'>Latera-</span> 
     </span>
     <span class='ocr_line' id='line_1_25' title="bbox 55 1630 1112 1665; baseline -0.003 -7"><span class='ocrx_word' id='word_1_335' title='bbox 55 1638 134 1662; x_wconf 77' lang='lat' dir='ltr'>nen.;</span> <span class='ocrx_word' id='word_1_336' title='bbox 144 1631 294 1665; x_wconf 78' lang='lat' dir='ltr'>resignavit</span> <span class='ocrx_word' id='word_1_337' title='bbox 305 1639 416 1665; x_wconf 89' lang='lat' dir='ltr'>quoque</span> <span class='ocrx_word' id='word_1_338' title='bbox 426 1639 499 1657; x_wconf 90' lang='lat' dir='ltr'>mon.</span> <span class='ocrx_word' id='word_1_339' title='bbox 511 1639 532 1656; x_wconf 85' lang='lat' dir='ltr'>s.</span> <span class='ocrx_word' id='word_1_340' title='bbox 545 1630 1112 1657; x_wconf 58' lang='grc' dir='ltr'>01101ιὲ0810.8.Β.(11000.Β81·011100000.</span> 
     </span>
    </p>

    <p class='ocr_par' dir='ltr' id='par_1_19' title="bbox 20 1673 1117 2587">
     <span class='ocr_line' id='line_1_26' title="bbox 20 1673 1115 1709; baseline -0.002 -8"><span class='ocrx_word' id='word_1_341' title='bbox 20 1673 41 1705; x_wconf 50' lang='lat' dir='ltr'>..J</span> <span class='ocrx_word' id='word_1_342' title='bbox 56 1676 76 1702; x_wconf 77' lang='lat'>5</span> <span class='ocrx_word' id='word_1_343' title='bbox 93 1674 150 1702; x_wconf 83' lang='lat' dir='ltr'>Jul.</span> <span class='ocrx_word' id='word_1_344' title='bbox 173 1675 249 1706; x_wconf 80' lang='lat'>1479,</span> <span class='ocrx_word' id='word_1_345' title='bbox 269 1683 368 1701; x_wconf 84' lang='lat' dir='ltr'>reserv.</span> <span class='ocrx_word' id='word_1_346' title='bbox 389 1683 482 1701; x_wconf 85' lang='lat' dir='ltr'>annua</span> <span class='ocrx_word' id='word_1_347' title='bbox 502 1683 576 1709; x_wconf 73' lang='lat' dir='ltr'>pena</span> <span class='ocrx_word' id='word_1_348' title='bbox 597 1675 649 1701; x_wconf 87' lang='lat'>250</span> <span class='ocrx_word' id='word_1_349' title='bbox 668 1675 707 1705; x_wconf 64' lang='lat' dir='ltr'>fl„</span> <span class='ocrx_word' id='word_1_350' title='bbox 727 1674 771 1700; x_wconf 86' lang='lat' dir='ltr'>die</span> <span class='ocrx_word' id='word_1_351' title='bbox 790 1678 885 1700; x_wconf 86' lang='lat' dir='ltr'>autem</span> <span class='ocrx_word' id='word_1_352' title='bbox 904 1675 938 1700; x_wconf 88' lang='lat'>30</span> <span class='ocrx_word' id='word_1_353' title='bbox 959 1674 1024 1700; x_wconf 85' lang='lat' dir='ltr'>Jun.</span> <span class='ocrx_word' id='word_1_354' title='bbox 1048 1675 1115 1700; x_wconf 89' lang='grc'>1480</span> 
     </span>
     <span class='ocr_line' id='line_1_27' title="bbox 24 1710 1115 1747; baseline -0.003 -1"><span class='ocrx_word' id='word_1_355' title='bbox 24 1710 42 1730; x_wconf 53' lang='lat'>&#39;¹¹‘</span> <span class='ocrx_word' id='word_1_356' title='bbox 55 1719 131 1747; x_wconf 68' lang='lat' dir='ltr'>innn-</span> <span class='ocrx_word' id='word_1_357' title='bbox 147 1727 170 1745; x_wconf 82' lang='grc'>8.</span> <span class='ocrx_word' id='word_1_358' title='bbox 186 1719 324 1745; x_wconf 75' lang='lat' dir='ltr'>Ambrosii</span> <span class='ocrx_word' id='word_1_359' title='bbox 338 1719 484 1745; x_wconf 85' lang='lat' dir='ltr'>Mediolan.</span> <span class='ocrx_word' id='word_1_360' title='bbox 503 1719 534 1745; x_wconf 88' lang='lat' dir='ltr'>O.</span> <span class='ocrx_word' id='word_1_361' title='bbox 554 1719 580 1745; x_wconf 88' lang='lat' dir='ltr'>S.</span> <span class='ocrx_word' id='word_1_362' title='bbox 598 1719 629 1745; x_wconf 93' lang='lat' dir='ltr'>B.</span> <span class='ocrx_word' id='word_1_363' title='bbox 647 1718 898 1745; x_wconf 89' lang='lat' dir='ltr'>commendandum</span> <span class='ocrx_word' id='word_1_364' title='bbox 914 1721 989 1744; x_wconf 87' lang='lat' dir='ltr'>certo</span> <span class='ocrx_word' id='word_1_365' title='bbox 1005 1718 1115 1743; x_wconf 87' lang='lat' dir='ltr'>cuidam</span> 
     </span>
     <span class='ocr_line' id='line_1_28' title="bbox 57 1762 1114 1797; baseline -0.002 -8"><span class='ocrx_word' id='word_1_366' title='bbox 57 1762 208 1794; x_wconf 68' lang='lat' dir='ltr'>Bel-nardo,</span> <span class='ocrx_word' id='word_1_367' title='bbox 229 1766 368 1789; x_wconf 82' lang='lat' dir='ltr'>reservata</span> <span class='ocrx_word' id='word_1_368' title='bbox 388 1771 445 1789; x_wconf 84' lang='lat' dir='ltr'>una</span> <span class='ocrx_word' id='word_1_369' title='bbox 466 1766 544 1797; x_wconf 83' lang='lat' dir='ltr'>parte</span> <span class='ocrx_word' id='word_1_370' title='bbox 564 1763 715 1794; x_wconf 86' lang='lat' dir='ltr'>fructuum,</span> <span class='ocrx_word' id='word_1_371' title='bbox 737 1766 766 1788; x_wconf 91' lang='lat' dir='ltr'>et</span> <span class='ocrx_word' id='word_1_372' title='bbox 786 1763 861 1788; x_wconf 86' lang='lat' dir='ltr'>aliud</span> <span class='ocrx_word' id='word_1_373' title='bbox 882 1771 955 1788; x_wconf 90' lang='lat' dir='ltr'>mon.</span> <span class='ocrx_word' id='word_1_374' title='bbox 978 1770 1114 1788; x_wconf 90' lang='lat' dir='ltr'>commen-</span> 
     </span>
     <span class='ocr_line' id='line_1_29' title="bbox 57 1804 1114 1841; baseline -0.002 -8"><span class='ocrx_word' id='word_1_375' title='bbox 57 1804 182 1833; x_wconf 67' lang='lat' dir='ltr'>dandum</span> <span class='ocrx_word' id='word_1_376' title='bbox 197 1807 301 1834; x_wconf 73' lang='lat' dir='ltr'>Joanni</span> <span class='ocrx_word' id='word_1_377' title='bbox 315 1807 350 1833; x_wconf 87' lang='lat' dir='ltr'>de</span> <span class='ocrx_word' id='word_1_378' title='bbox 364 1807 503 1838; x_wconf 85' lang='lat' dir='ltr'>Nardinis,</span> <span class='ocrx_word' id='word_1_379' title='bbox 519 1810 659 1841; x_wconf 87' lang='lat' dir='ltr'>protonot.</span> <span class='ocrx_word' id='word_1_380' title='bbox 675 1810 775 1841; x_wconf 72' lang='lat' dir='ltr'>apost„</span> <span class='ocrx_word' id='word_1_381' title='bbox 791 1807 886 1840; x_wconf 85' lang='lat' dir='ltr'>nepoti</span> <span class='ocrx_word' id='word_1_382' title='bbox 901 1815 964 1837; x_wconf 87' lang='lat' dir='ltr'>suo;</span> <span class='ocrx_word' id='word_1_383' title='bbox 980 1807 1024 1832; x_wconf 90' lang='lat' dir='ltr'>die</span> <span class='ocrx_word' id='word_1_384' title='bbox 1039 1806 1114 1831; x_wconf 86' lang='lat' dir='ltr'>deni-</span> 
     </span>
     <span class='ocr_line' id='line_1_30' title="bbox 58 1851 1114 1885; baseline -0.002 -8"><span class='ocrx_word' id='word_1_385' title='bbox 58 1859 112 1885; x_wconf 85' lang='lat' dir='ltr'>que</span> <span class='ocrx_word' id='word_1_386' title='bbox 129 1851 159 1877; x_wconf 95' lang='lat' dir='ltr'>ll</span> <span class='ocrx_word' id='word_1_387' title='bbox 177 1851 242 1878; x_wconf 83' lang='lat' dir='ltr'>Jan.</span> <span class='ocrx_word' id='word_1_388' title='bbox 259 1852 328 1878; x_wconf 86' lang='lat'>1480</span> <span class='ocrx_word' id='word_1_389' title='bbox 342 1860 416 1878; x_wconf 89' lang='lat' dir='ltr'>mon.</span> <span class='ocrx_word' id='word_1_390' title='bbox 433 1860 454 1877; x_wconf 85' lang='lat' dir='ltr'>s.</span> <span class='ocrx_word' id='word_1_391' title='bbox 471 1851 595 1878; x_wconf 83' lang='lat' dir='ltr'>Barthol.</span> <span class='ocrx_word' id='word_1_392' title='bbox 613 1851 644 1878; x_wconf 87' lang='lat' dir='ltr'>O.</span> <span class='ocrx_word' id='word_1_393' title='bbox 661 1851 836 1878; x_wconf 85' lang='lat' dir='ltr'>Vallisumbr.</span> <span class='ocrx_word' id='word_1_394' title='bbox 853 1851 938 1876; x_wconf 85' lang='lat' dir='ltr'>dioec.</span> <span class='ocrx_word' id='word_1_395' title='bbox 955 1851 1114 1881; x_wconf 64' lang='lat' dir='ltr'>Novarien„</span> 
     </span>
     <span class='ocr_line' id='line_1_31' title="bbox 58 1895 1042 1929; baseline 0 -9"><span class='ocrx_word' id='word_1_396' title='bbox 58 1898 198 1921; x_wconf 71' lang='lat' dir='ltr'>reservata</span> <span class='ocrx_word' id='word_1_397' title='bbox 216 1903 310 1921; x_wconf 75' lang='lat' dir='ltr'>annua</span> <span class='ocrx_word' id='word_1_398' title='bbox 327 1903 402 1929; x_wconf 82' lang='lat' dir='ltr'>pens.</span> <span class='ocrx_word' id='word_1_399' title='bbox 423 1896 475 1922; x_wconf 85' lang='lat'>300</span> <span class='ocrx_word' id='word_1_400' title='bbox 493 1895 521 1921; x_wconf 90' lang='lat' dir='ltr'>fl.</span> <span class='ocrx_word' id='word_1_401' title='bbox 552 1895 625 1928; x_wconf 91' lang='lat' dir='ltr'>(Obl.</span> <span class='ocrx_word' id='word_1_402' title='bbox 646 1896 679 1922; x_wconf 86' lang='lat'>83</span> <span class='ocrx_word' id='word_1_403' title='bbox 698 1896 717 1921; x_wconf 83' lang='lat' dir='ltr'>f.</span> <span class='ocrx_word' id='word_1_404' title='bbox 738 1896 781 1926; x_wconf 88' lang='lat'>30,</span> <span class='ocrx_word' id='word_1_405' title='bbox 801 1896 843 1926; x_wconf 88' lang='lat'>31,</span> <span class='ocrx_word' id='word_1_406' title='bbox 864 1896 906 1925; x_wconf 88' lang='grc'>62,</span> <span class='ocrx_word' id='word_1_407' title='bbox 927 1896 969 1925; x_wconf 88' lang='grc'>69,</span> <span class='ocrx_word' id='word_1_408' title='bbox 990 1895 1042 1927; x_wconf 94' lang='lat'>71).</span> 
     </span>
     <span class='ocr_line' id='line_1_32' title="bbox 128 1938 1112 1973; baseline 0 -9"><span class='ocrx_word' id='word_1_409' title='bbox 128 1938 150 1971; x_wconf 67' lang='grc' dir='ltr'>ι)</span> <span class='ocrx_word' id='word_1_410' title='bbox 169 1939 224 1965; x_wconf 66' lang='lat'>041.</span> <span class='ocrx_word' id='word_1_411' title='bbox 249 1939 320 1973; x_wconf 86' lang='lat' dir='ltr'>App.</span> <span class='ocrx_word' id='word_1_412' title='bbox 346 1939 360 1965; x_wconf 92' lang='grc' dir='ltr'>Ι</span> <span class='ocrx_word' id='word_1_413' title='bbox 383 1947 424 1965; x_wconf 82' lang='lat' dir='ltr'>nr.</span> <span class='ocrx_word' id='word_1_414' title='bbox 449 1940 597 1970; x_wconf 84' lang='lat'>406—408,</span> <span class='ocrx_word' id='word_1_415' title='bbox 622 1941 682 1970; x_wconf 87' lang='lat'>415,</span> <span class='ocrx_word' id='word_1_416' title='bbox 707 1940 768 1970; x_wconf 88' lang='lat'>453,</span> <span class='ocrx_word' id='word_1_417' title='bbox 792 1941 853 1970; x_wconf 84' lang='lat'>461,</span> <span class='ocrx_word' id='word_1_418' title='bbox 878 1940 938 1970; x_wconf 81' lang='lat'>466,</span> <span class='ocrx_word' id='word_1_419' title='bbox 963 1940 1024 1969; x_wconf 87' lang='lat'>474,</span> <span class='ocrx_word' id='word_1_420' title='bbox 1048 1939 1112 1969; x_wconf 87' lang='lat'>480;</span> 
     </span>
     <span class='ocr_line' id='line_1_33' title="bbox 59 1982 778 2018; baseline 0 -9"><span class='ocrx_word' id='word_1_421' title='bbox 59 1982 105 2009; x_wconf 80' lang='lat' dir='ltr'>lib.</span> <span class='ocrx_word' id='word_1_422' title='bbox 127 1982 158 2009; x_wconf 94' lang='lat'>11</span> <span class='ocrx_word' id='word_1_423' title='bbox 179 1991 200 2008; x_wconf 86' lang='lat' dir='ltr'>s.</span> <span class='ocrx_word' id='word_1_424' title='bbox 223 1991 250 2009; x_wconf 87' lang='lat' dir='ltr'>v.</span> <span class='ocrx_word' id='word_1_425' title='bbox 273 1983 515 2017; x_wconf 75' lang='lat' dir='ltr'>Caesaraugusten.</span> <span class='ocrx_word' id='word_1_426' title='bbox 538 1987 567 2009; x_wconf 91' lang='lat' dir='ltr'>et</span> <span class='ocrx_word' id='word_1_427' title='bbox 588 1983 778 2018; x_wconf 87' lang='lat' dir='ltr'>Caputaquen.</span> 
     </span>
     <span class='ocr_line' id='line_1_34' title="bbox 128 2027 1114 2061; baseline -0.001 -8"><span class='ocrx_word' id='word_1_428' title='bbox 128 2027 151 2059; x_wconf 78' lang='lat'>³)</span> <span class='ocrx_word' id='word_1_429' title='bbox 171 2027 334 2061; x_wconf 72' lang='lat' dir='ltr'>Reaignavit</span> <span class='ocrx_word' id='word_1_430' title='bbox 359 2028 392 2053; x_wconf 87' lang='lat'>23</span> <span class='ocrx_word' id='word_1_431' title='bbox 419 2027 484 2054; x_wconf 80' lang='lat' dir='ltr'>Jan.</span> <span class='ocrx_word' id='word_1_432' title='bbox 513 2028 580 2054; x_wconf 87' lang='lat'>1493</span> <span class='ocrx_word' id='word_1_433' title='bbox 606 2036 679 2054; x_wconf 90' lang='lat' dir='ltr'>mon.</span> <span class='ocrx_word' id='word_1_434' title='bbox 704 2028 738 2054; x_wconf 90' lang='lat' dir='ltr'>de</span> <span class='ocrx_word' id='word_1_435' title='bbox 759 2028 913 2054; x_wconf 85' lang='lat' dir='ltr'>Carensedo</span> <span class='ocrx_word' id='word_1_436' title='bbox 929 2027 1014 2053; x_wconf 89' lang='lat' dir='ltr'>dioec.</span> <span class='ocrx_word' id='word_1_437' title='bbox 1034 2027 1114 2052; x_wconf 86' lang='lat' dir='ltr'>Asto-</span> 
     </span>
     <span class='ocr_line' id='line_1_35' title="bbox 58 2071 1113 2106; baseline 0 -10"><span class='ocrx_word' id='word_1_438' title='bbox 58 2071 140 2097; x_wconf 83' lang='lat' dir='ltr'>ricen.</span> <span class='ocrx_word' id='word_1_439' title='bbox 159 2071 409 2097; x_wconf 78' lang='lat' dir='ltr'>commendandum</span> <span class='ocrx_word' id='word_1_440' title='bbox 427 2071 531 2098; x_wconf 78' lang='lat' dir='ltr'>Joanni</span> <span class='ocrx_word' id='word_1_441' title='bbox 547 2071 582 2097; x_wconf 90' lang='lat' dir='ltr'>de</span> <span class='ocrx_word' id='word_1_442' title='bbox 596 2072 671 2097; x_wconf 82' lang='lat' dir='ltr'>Leon</span> <span class='ocrx_word' id='word_1_443' title='bbox 683 2075 822 2106; x_wconf 88' lang='lat' dir='ltr'>protonot.</span> <span class='ocrx_word' id='word_1_444' title='bbox 837 2075 925 2105; x_wconf 87' lang='lat' dir='ltr'>apost.</span> <span class='ocrx_word' id='word_1_445' title='bbox 940 2072 997 2104; x_wconf 90' lang='lat' dir='ltr'>(AC</span> <span class='ocrx_word' id='word_1_446' title='bbox 1009 2071 1113 2097; x_wconf 84' lang='lat' dir='ltr'>Camer.</span> 
     </span>
     <span class='ocr_line' id='line_1_36' title="bbox 58 2115 1067 2149; baseline 0 -8"><span class='ocrx_word' id='word_1_447' title='bbox 58 2115 73 2141; x_wconf 92' lang='lat'>1</span> <span class='ocrx_word' id='word_1_448' title='bbox 88 2115 106 2141; x_wconf 77' lang='lat' dir='ltr'>f.</span> <span class='ocrx_word' id='word_1_449' title='bbox 123 2115 177 2147; x_wconf 84' lang='lat'>30).</span> <span class='ocrx_word' id='word_1_450' title='bbox 211 2115 264 2142; x_wconf 84' lang='lat' dir='ltr'>Cfr.</span> <span class='ocrx_word' id='word_1_451' title='bbox 282 2115 353 2149; x_wconf 88' lang='lat' dir='ltr'>App.</span> <span class='ocrx_word' id='word_1_452' title='bbox 370 2116 383 2141; x_wconf 95' lang='lat' dir='ltr'>I</span> <span class='ocrx_word' id='word_1_453' title='bbox 399 2124 439 2141; x_wconf 89' lang='lat' dir='ltr'>nr.</span> <span class='ocrx_word' id='word_1_454' title='bbox 456 2116 472 2142; x_wconf 90' lang='lat'>3</span> <span class='ocrx_word' id='word_1_455' title='bbox 487 2116 530 2146; x_wconf 87' lang='grc'>90,</span> <span class='ocrx_word' id='word_1_456' title='bbox 546 2117 610 2146; x_wconf 83' lang='grc'>572;</span> <span class='ocrx_word' id='word_1_457' title='bbox 626 2116 671 2142; x_wconf 90' lang='lat' dir='ltr'>lib.</span> <span class='ocrx_word' id='word_1_458' title='bbox 688 2116 718 2142; x_wconf 93' lang='lat' dir='ltr'>II</span> <span class='ocrx_word' id='word_1_459' title='bbox 733 2125 753 2142; x_wconf 87' lang='lat' dir='ltr'>s.</span> <span class='ocrx_word' id='word_1_460' title='bbox 770 2125 796 2142; x_wconf 96' lang='lat' dir='ltr'>v.</span> <span class='ocrx_word' id='word_1_461' title='bbox 814 2116 947 2142; x_wconf 82' lang='lat' dir='ltr'>Oxomen.</span> <span class='ocrx_word' id='word_1_462' title='bbox 965 2119 1024 2141; x_wconf 91' lang='lat' dir='ltr'>not.</span> <span class='ocrx_word' id='word_1_463' title='bbox 1043 2117 1067 2141; x_wconf 75' lang='lat'>4.</span> 
     </span>
     <span class='ocr_line' id='line_1_37' title="bbox 127 2158 606 2193; baseline 0 -8"><span class='ocrx_word' id='word_1_464' title='bbox 127 2158 151 2191; x_wconf 79' lang='lat'>⁴)</span> <span class='ocrx_word' id='word_1_465' title='bbox 169 2159 223 2186; x_wconf 77' lang='lat' dir='ltr'>cfr.</span> <span class='ocrx_word' id='word_1_466' title='bbox 244 2159 315 2193; x_wconf 90' lang='lat' dir='ltr'>App.</span> <span class='ocrx_word' id='word_1_467' title='bbox 336 2159 350 2185; x_wconf 97' lang='lat' dir='ltr'>I</span> <span class='ocrx_word' id='word_1_468' title='bbox 370 2168 409 2185; x_wconf 89' lang='lat' dir='ltr'>nr.</span> <span class='ocrx_word' id='word_1_469' title='bbox 430 2160 482 2185; x_wconf 80' lang='grc'>409</span> <span class='ocrx_word' id='word_1_470' title='bbox 500 2163 529 2185; x_wconf 90' lang='lat' dir='ltr'>et</span> <span class='ocrx_word' id='word_1_471' title='bbox 547 2161 606 2186; x_wconf 89' lang='lat'>410.</span> 
     </span>
     <span class='ocr_line' id='line_1_38' title="bbox 128 2203 1114 2237; baseline 0 -8"><span class='ocrx_word' id='word_1_472' title='bbox 128 2203 151 2235; x_wconf 76' lang='lat'>⁵)</span> <span class='ocrx_word' id='word_1_473' title='bbox 170 2203 224 2230; x_wconf 81' lang='lat' dir='ltr'>Csr.</span> <span class='ocrx_word' id='word_1_474' title='bbox 238 2203 309 2237; x_wconf 89' lang='lat' dir='ltr'>App.</span> <span class='ocrx_word' id='word_1_475' title='bbox 323 2203 337 2229; x_wconf 99' lang='grc' dir='ltr'>Ι</span> <span class='ocrx_word' id='word_1_476' title='bbox 350 2212 389 2229; x_wconf 86' lang='lat' dir='ltr'>nr.</span> <span class='ocrx_word' id='word_1_477' title='bbox 404 2205 464 2234; x_wconf 87' lang='lat'>418,</span> <span class='ocrx_word' id='word_1_478' title='bbox 477 2205 537 2234; x_wconf 83' lang='lat'>461,</span> <span class='ocrx_word' id='word_1_479' title='bbox 550 2204 614 2234; x_wconf 88' lang='lat'>490;</span> <span class='ocrx_word' id='word_1_480' title='bbox 627 2204 673 2229; x_wconf 94' lang='lat' dir='ltr'>lib.</span> <span class='ocrx_word' id='word_1_481' title='bbox 686 2204 716 2230; x_wconf 93' lang='grc' dir='ltr'>ΙΙ</span> <span class='ocrx_word' id='word_1_482' title='bbox 729 2212 749 2230; x_wconf 87' lang='lat' dir='ltr'>s.</span> <span class='ocrx_word' id='word_1_483' title='bbox 762 2213 789 2230; x_wconf 93' lang='lat' dir='ltr'>v.</span> <span class='ocrx_word' id='word_1_484' title='bbox 803 2204 936 2230; x_wconf 82' lang='lat' dir='ltr'>Oxomen.</span> <span class='ocrx_word' id='word_1_485' title='bbox 950 2206 1007 2230; x_wconf 87' lang='lat' dir='ltr'>not.</span> <span class='ocrx_word' id='word_1_486' title='bbox 1021 2205 1037 2230; x_wconf 88' lang='lat'><strong>3</strong></span> <span class='ocrx_word' id='word_1_487' title='bbox 1050 2206 1079 2230; x_wconf 88' lang='lat' dir='ltr'>et</span> <span class='ocrx_word' id='word_1_488' title='bbox 1090 2204 1114 2229; x_wconf 88' lang='lat'>4.</span> 
     </span>
     <span class='ocr_line' id='line_1_39' title="bbox 128 2246 1115 2279; baseline 0.001 -6"><span class='ocrx_word' id='word_1_489' title='bbox 128 2246 151 2279; x_wconf 83' lang='lat'>⁸)</span> <span class='ocrx_word' id='word_1_490' title='bbox 170 2247 300 2273; x_wconf 89' lang='lat' dir='ltr'>Obtinuit</span> <span class='ocrx_word' id='word_1_491' title='bbox 323 2248 357 2273; x_wconf 86' lang='lat'>24</span> <span class='ocrx_word' id='word_1_492' title='bbox 373 2248 429 2274; x_wconf 82' lang='lat' dir='ltr'>Jul.</span> <span class='ocrx_word' id='word_1_493' title='bbox 447 2249 514 2275; x_wconf 88' lang='lat'>1476</span> <span class='ocrx_word' id='word_1_494' title='bbox 529 2256 602 2274; x_wconf 90' lang='lat' dir='ltr'>mon.</span> <span class='ocrx_word' id='word_1_495' title='bbox 618 2256 638 2273; x_wconf 88' lang='grc'>8.</span> <span class='ocrx_word' id='word_1_496' title='bbox 655 2248 798 2274; x_wconf 82' lang='lat' dir='ltr'>Benedicti</span> <span class='ocrx_word' id='word_1_497' title='bbox 811 2248 846 2274; x_wconf 87' lang='lat' dir='ltr'>de</span> <span class='ocrx_word' id='word_1_498' title='bbox 862 2248 970 2274; x_wconf 80' lang='lat' dir='ltr'>Gualdo</span> <span class='ocrx_word' id='word_1_499' title='bbox 990 2248 1021 2274; x_wconf 86' lang='grc' dir='ltr'>Ο.</span> <span class='ocrx_word' id='word_1_500' title='bbox 1040 2248 1066 2274; x_wconf 89' lang='lat' dir='ltr'>S.</span> <span class='ocrx_word' id='word_1_501' title='bbox 1082 2248 1115 2274; x_wconf 91' lang='lat' dir='ltr'>B.</span> 
     </span>
     <span class='ocr_line' id='line_1_40' title="bbox 58 2291 1114 2326; baseline 0.001 -9"><span class='ocrx_word' id='word_1_502' title='bbox 58 2291 144 2318; x_wconf 82' lang='lat' dir='ltr'>dioec.</span> <span class='ocrx_word' id='word_1_503' title='bbox 157 2292 286 2318; x_wconf 86' lang='lat' dir='ltr'>Nucerin.</span> <span class='ocrx_word' id='word_1_504' title='bbox 300 2300 359 2318; x_wconf 87' lang='lat' dir='ltr'>vac.</span> <span class='ocrx_word' id='word_1_505' title='bbox 374 2301 422 2326; x_wconf 89' lang='lat' dir='ltr'>per</span> <span class='ocrx_word' id='word_1_506' title='bbox 433 2292 477 2318; x_wconf 91' lang='lat' dir='ltr'>ob.</span> <span class='ocrx_word' id='word_1_507' title='bbox 491 2292 637 2318; x_wconf 84' lang='lat' dir='ltr'>cardinalis</span> <span class='ocrx_word' id='word_1_508' title='bbox 649 2292 799 2318; x_wconf 82' lang='lat' dir='ltr'>Bononien.</span> <span class='ocrx_word' id='word_1_509' title='bbox 814 2293 842 2317; x_wconf 93' lang='lat' dir='ltr'>in</span> <span class='ocrx_word' id='word_1_510' title='bbox 854 2301 952 2318; x_wconf 88' lang='lat' dir='ltr'>comm.</span> <span class='ocrx_word' id='word_1_511' title='bbox 966 2295 994 2318; x_wconf 88' lang='lat' dir='ltr'>et</span> <span class='ocrx_word' id='word_1_512' title='bbox 1006 2293 1040 2318; x_wconf 88' lang='lat'>29</span> <span class='ocrx_word' id='word_1_513' title='bbox 1053 2292 1114 2318; x_wconf 91' lang='lat' dir='ltr'>Oct.</span> 
     </span>
     <span class='ocr_line' id='line_1_41' title="bbox 60 2335 1116 2370; baseline 0 -8"><span class='ocrx_word' id='word_1_514' title='bbox 60 2335 128 2363; x_wconf 86' lang='grc'>1479</span> <span class='ocrx_word' id='word_1_515' title='bbox 146 2344 267 2362; x_wconf 78' lang='lat' dir='ltr'>annuam</span> <span class='ocrx_word' id='word_1_516' title='bbox 287 2344 362 2370; x_wconf 84' lang='lat' dir='ltr'>pens.</span> <span class='ocrx_word' id='word_1_517' title='bbox 383 2338 435 2362; x_wconf 88' lang='lat'>500</span> <span class='ocrx_word' id='word_1_518' title='bbox 453 2336 481 2361; x_wconf 89' lang='lat' dir='ltr'>ss.</span> <span class='ocrx_word' id='word_1_519' title='bbox 502 2345 584 2370; x_wconf 87' lang='lat' dir='ltr'>super</span> <span class='ocrx_word' id='word_1_520' title='bbox 602 2336 738 2362; x_wconf 78' lang='lat' dir='ltr'>fructibus</span> <span class='ocrx_word' id='word_1_521' title='bbox 757 2337 915 2362; x_wconf 82' lang='lat' dir='ltr'>monasterii</span> <span class='ocrx_word' id='word_1_522' title='bbox 934 2345 954 2362; x_wconf 90' lang='lat' dir='ltr'>s.</span> <span class='ocrx_word' id='word_1_523' title='bbox 975 2337 1116 2362; x_wconf 86' lang='lat' dir='ltr'>Laurentii</span> 
     </span>
     <span class='ocr_line' id='line_1_42' title="bbox 31 2379 1114 2414; baseline 0.001 -9"><span class='ocrx_word' id='word_1_524' title='bbox 31 2407 33 2409; x_wconf 63' lang='grc'>,</span> <span class='ocrx_word' id='word_1_525' title='bbox 59 2379 92 2406; x_wconf 91' lang='grc' dir='ltr'>Ο.</span> <span class='ocrx_word' id='word_1_526' title='bbox 109 2379 136 2406; x_wconf 89' lang='lat' dir='ltr'>S.</span> <span class='ocrx_word' id='word_1_527' title='bbox 151 2379 183 2405; x_wconf 91' lang='lat' dir='ltr'>B.</span> <span class='ocrx_word' id='word_1_528' title='bbox 197 2379 357 2406; x_wconf 83' lang='lat' dir='ltr'>Cremonen.</span> <span class='ocrx_word' id='word_1_529' title='bbox 373 2380 502 2406; x_wconf 87' lang='lat' dir='ltr'>Federico</span> <span class='ocrx_word' id='word_1_530' title='bbox 516 2380 550 2405; x_wconf 85' lang='lat' dir='ltr'>de</span> <span class='ocrx_word' id='word_1_531' title='bbox 563 2389 583 2406; x_wconf 89' lang='grc'>8.</span> <span class='ocrx_word' id='word_1_532' title='bbox 601 2380 731 2406; x_wconf 87' lang='lat' dir='ltr'>Severino</span> <span class='ocrx_word' id='word_1_533' title='bbox 745 2383 883 2414; x_wconf 87' lang='lat' dir='ltr'>protonot.</span> <span class='ocrx_word' id='word_1_534' title='bbox 899 2384 987 2414; x_wconf 83' lang='lat' dir='ltr'>apost.</span> <span class='ocrx_word' id='word_1_535' title='bbox 1003 2382 1114 2414; x_wconf 89' lang='lat' dir='ltr'>(postm.</span> 
     </span>
     <span class='ocr_line' id='line_1_43' title="bbox 59 2423 1117 2458; baseline 0 -8"><span class='ocrx_word' id='word_1_536' title='bbox 59 2423 146 2456; x_wconf 73' lang='lat' dir='ltr'>eard.)</span> <span class='ocrx_word' id='word_1_537' title='bbox 157 2424 352 2454; x_wconf 84' lang='lat' dir='ltr'>commendati,</span> <span class='ocrx_word' id='word_1_538' title='bbox 364 2424 409 2450; x_wconf 87' lang='lat' dir='ltr'>die</span> <span class='ocrx_word' id='word_1_539' title='bbox 420 2428 514 2450; x_wconf 89' lang='lat' dir='ltr'>autem</span> <span class='ocrx_word' id='word_1_540' title='bbox 526 2426 543 2449; x_wconf 86' lang='lat'>4</span> <span class='ocrx_word' id='word_1_541' title='bbox 554 2425 618 2450; x_wconf 86' lang='lat' dir='ltr'>Maii</span> <span class='ocrx_word' id='word_1_542' title='bbox 633 2425 698 2451; x_wconf 90' lang='lat'>1487</span> <span class='ocrx_word' id='word_1_543' title='bbox 711 2425 860 2458; x_wconf 82' lang='lat' dir='ltr'>resignavit</span> <span class='ocrx_word' id='word_1_544' title='bbox 871 2433 944 2450; x_wconf 90' lang='lat' dir='ltr'>mon.</span> <span class='ocrx_word' id='word_1_545' title='bbox 958 2433 978 2450; x_wconf 91' lang='lat' dir='ltr'>s.</span> <span class='ocrx_word' id='word_1_546' title='bbox 992 2425 1117 2458; x_wconf 82' lang='lat' dir='ltr'>Dionysii</span> 
     </span>
     <span class='ocr_line' id='line_1_44' title="bbox 59 2466 1116 2502; baseline 0 -8"><span class='ocrx_word' id='word_1_547' title='bbox 59 2466 205 2494; x_wconf 73' lang='lat' dir='ltr'>Mediolan.</span> <span class='ocrx_word' id='word_1_548' title='bbox 226 2469 477 2494; x_wconf 85' lang='lat' dir='ltr'>commendandum</span> <span class='ocrx_word' id='word_1_549' title='bbox 499 2468 531 2494; x_wconf 89' lang='lat' dir='ltr'>G.</span> <span class='ocrx_word' id='word_1_550' title='bbox 553 2468 675 2494; x_wconf 84' lang='lat' dir='ltr'>Antonio</span> <span class='ocrx_word' id='word_1_551' title='bbox 695 2468 872 2494; x_wconf 87' lang='lat' dir='ltr'>Arcimboldo</span> <span class='ocrx_word' id='word_1_552' title='bbox 892 2469 970 2494; x_wconf 85' lang='lat' dir='ltr'>fratri</span> <span class='ocrx_word' id='word_1_553' title='bbox 990 2477 1040 2494; x_wconf 88' lang='lat' dir='ltr'>suo</span> <span class='ocrx_word' id='word_1_554' title='bbox 1059 2477 1116 2502; x_wconf 87' lang='lat' dir='ltr'>ger-</span> 
     </span>
     <span class='ocr_line' id='line_1_45' title="bbox 61 2511 1116 2546; baseline 0 -8"><span class='ocrx_word' id='word_1_555' title='bbox 61 2519 144 2539; x_wconf 74' lang='lat' dir='ltr'>mne</span> <span class='ocrx_word' id='word_1_556' title='bbox 161 2511 233 2544; x_wconf 88' lang='lat' dir='ltr'>(ObL</span> <span class='ocrx_word' id='word_1_557' title='bbox 252 2513 286 2539; x_wconf 87' lang='lat'>83</span> <span class='ocrx_word' id='word_1_558' title='bbox 303 2513 321 2538; x_wconf 88' lang='lat' dir='ltr'>f.</span> <span class='ocrx_word' id='word_1_559' title='bbox 340 2513 383 2543; x_wconf 85' lang='lat'>43,</span> <span class='ocrx_word' id='word_1_560' title='bbox 401 2514 444 2543; x_wconf 85' lang='lat'>84,</span> <span class='ocrx_word' id='word_1_561' title='bbox 464 2513 533 2544; x_wconf 88' lang='lat'>109).</span> <span class='ocrx_word' id='word_1_562' title='bbox 568 2513 621 2539; x_wconf 80' lang='lat' dir='ltr'>Cfr.</span> <span class='ocrx_word' id='word_1_563' title='bbox 640 2513 711 2546; x_wconf 91' lang='lat' dir='ltr'>App.</span> <span class='ocrx_word' id='word_1_564' title='bbox 731 2513 744 2538; x_wconf 97' lang='grc' dir='ltr'>Ι</span> <span class='ocrx_word' id='word_1_565' title='bbox 762 2521 802 2538; x_wconf 90' lang='lat' dir='ltr'>nr.</span> <span class='ocrx_word' id='word_1_566' title='bbox 821 2513 881 2543; x_wconf 87' lang='grc'><strong>336,</strong></span> <span class='ocrx_word' id='word_1_567' title='bbox 899 2513 959 2543; x_wconf 88' lang='grc'>338,</span> <span class='ocrx_word' id='word_1_568' title='bbox 977 2514 1037 2543; x_wconf 89' lang='grc'>350,</span> <span class='ocrx_word' id='word_1_569' title='bbox 1056 2513 1116 2543; x_wconf 86' lang='grc'>359,</span> 
     </span>
     <span class='ocr_line' id='line_1_46' title="bbox 60 2554 691 2587; baseline 0 -5"><span class='ocrx_word' id='word_1_570' title='bbox 60 2554 122 2587; x_wconf 70' lang='lat'>8⁸3,</span> <span class='ocrx_word' id='word_1_571' title='bbox 141 2556 203 2586; x_wconf 76' lang='grc'>461,</span> <span class='ocrx_word' id='word_1_572' title='bbox 223 2557 284 2587; x_wconf 86' lang='grc'>488,</span> <span class='ocrx_word' id='word_1_573' title='bbox 304 2557 365 2587; x_wconf 88' lang='grc'>490,</span> <span class='ocrx_word' id='word_1_574' title='bbox 387 2558 447 2587; x_wconf 83' lang='grc'>503,</span> <span class='ocrx_word' id='word_1_575' title='bbox 468 2558 528 2587; x_wconf 90' lang='grc'>510,</span> <span class='ocrx_word' id='word_1_576' title='bbox 550 2558 610 2587; x_wconf 84' lang='grc'>512,</span> <span class='ocrx_word' id='word_1_577' title='bbox 632 2557 691 2583; x_wconf 88' lang='grc'>527.</span> 
     </span>
    </p>

    <p class='ocr_par' dir='ltr' id='par_1_20' title="bbox 46 2598 1118 2855">
     <span class='ocr_line' id='line_1_47' title="bbox 46 2598 1115 2634; baseline 0 -8"><span class='ocrx_word' id='word_1_578' title='bbox 46 2598 51 2604; x_wconf 65' lang='lat'><em>&#39;</em></span> <span class='ocrx_word' id='word_1_579' title='bbox 131 2599 153 2631; x_wconf 86' lang='lat'>⁷)</span> <span class='ocrx_word' id='word_1_580' title='bbox 172 2599 224 2626; x_wconf 83' lang='lat' dir='ltr'>Die</span> <span class='ocrx_word' id='word_1_581' title='bbox 237 2601 254 2626; x_wconf 89' lang='lat'>8</span> <span class='ocrx_word' id='word_1_582' title='bbox 268 2601 328 2627; x_wconf 86' lang='lat' dir='ltr'>Oct.</span> <span class='ocrx_word' id='word_1_583' title='bbox 346 2602 413 2628; x_wconf 84' lang='lat'>1473</span> <span class='ocrx_word' id='word_1_584' title='bbox 438 2601 560 2627; x_wconf 85' lang='lat' dir='ltr'>obtinuit</span> <span class='ocrx_word' id='word_1_585' title='bbox 574 2602 602 2626; x_wconf 92' lang='lat' dir='ltr'>in</span> <span class='ocrx_word' id='word_1_586' title='bbox 616 2609 714 2626; x_wconf 90' lang='lat' dir='ltr'>comm.</span> <span class='ocrx_word' id='word_1_587' title='bbox 723 2600 803 2626; x_wconf 77' lang='lat' dir='ltr'>&#39;mon.</span> <span class='ocrx_word' id='word_1_588' title='bbox 819 2601 854 2626; x_wconf 90' lang='lat' dir='ltr'>de</span> <span class='ocrx_word' id='word_1_589' title='bbox 868 2601 1016 2634; x_wconf 80' lang='lat' dir='ltr'>Brogueria</span> <span class='ocrx_word' id='word_1_590' title='bbox 1030 2601 1115 2627; x_wconf 92' lang='lat' dir='ltr'>dioec.</span> 
     </span>
     <span class='ocr_line' id='line_1_48' title="bbox 61 2643 1117 2675; baseline 0.001 -5"><span class='ocrx_word' id='word_1_591' title='bbox 61 2643 234 2670; x_wconf 74' lang='lat' dir='ltr'>cameracen.</span> <span class='ocrx_word' id='word_1_592' title='bbox 248 2647 278 2670; x_wconf 87' lang='lat' dir='ltr'>et</span> <span class='ocrx_word' id='word_1_593' title='bbox 291 2645 465 2671; x_wconf 79' lang='lat' dir='ltr'>Bonaevallis</span> <span class='ocrx_word' id='word_1_594' title='bbox 477 2645 562 2671; x_wconf 90' lang='lat' dir='ltr'>dioec.</span> <span class='ocrx_word' id='word_1_595' title='bbox 578 2645 726 2675; x_wconf 88' lang='lat' dir='ltr'>Bisuntin.,</span> <span class='ocrx_word' id='word_1_596' title='bbox 740 2645 784 2670; x_wconf 86' lang='lat' dir='ltr'>die</span> <span class='ocrx_word' id='word_1_597' title='bbox 798 2648 891 2670; x_wconf 82' lang='lat' dir='ltr'>autem</span> <span class='ocrx_word' id='word_1_598' title='bbox 908 2646 936 2670; x_wconf 97' lang='lat' dir='ltr'>ll</span> <span class='ocrx_word' id='word_1_599' title='bbox 952 2645 1033 2670; x_wconf 89' lang='lat' dir='ltr'>Mart.</span> <span class='ocrx_word' id='word_1_600' title='bbox 1051 2646 1117 2672; x_wconf 88' lang='lat'>1477</span> 
     </span>
     <span class='ocr_line' id='line_1_49' title="bbox 61 2687 1118 2723; baseline 0.001 -10"><span class='ocrx_word' id='word_1_601' title='bbox 61 2687 129 2713; x_wconf 86' lang='lat' dir='ltr'>illud</span> <span class='ocrx_word' id='word_1_602' title='bbox 139 2688 297 2722; x_wconf 77' lang='lat' dir='ltr'>resignavit,</span> <span class='ocrx_word' id='word_1_603' title='bbox 309 2697 407 2715; x_wconf 85' lang='lat' dir='ltr'>reserv.</span> <span class='ocrx_word' id='word_1_604' title='bbox 419 2697 512 2715; x_wconf 82' lang='lat' dir='ltr'>annua</span> <span class='ocrx_word' id='word_1_605' title='bbox 523 2698 597 2723; x_wconf 88' lang='lat' dir='ltr'>pens.</span> <span class='ocrx_word' id='word_1_606' title='bbox 611 2690 662 2715; x_wconf 89' lang='lat'>200</span> <span class='ocrx_word' id='word_1_607' title='bbox 673 2689 715 2719; x_wconf 86' lang='lat' dir='ltr'>ss.;</span> <span class='ocrx_word' id='word_1_608' title='bbox 727 2689 877 2723; x_wconf 79' lang='lat' dir='ltr'>resignavit</span> <span class='ocrx_word' id='word_1_609' title='bbox 888 2697 997 2723; x_wconf 86' lang='lat' dir='ltr'>quoque</span> <span class='ocrx_word' id='word_1_610' title='bbox 1008 2690 1042 2714; x_wconf 85' lang='lat'>24</span> <span class='ocrx_word' id='word_1_611' title='bbox 1052 2689 1118 2715; x_wconf 84' lang='lat' dir='ltr'>Maii</span> 
     </span>
     <span class='ocr_line' id='line_1_50' title="bbox 64 2732 1117 2767; baseline 0 -9"><span class='ocrx_word' id='word_1_612' title='bbox 64 2732 132 2759; x_wconf 83' lang='lat'>1476</span> <span class='ocrx_word' id='word_1_613' title='bbox 143 2740 216 2758; x_wconf 75' lang='lat' dir='ltr'>mon.</span> <span class='ocrx_word' id='word_1_614' title='bbox 231 2732 362 2759; x_wconf 59' lang='lat' dir='ltr'>Momen.</span> <span class='ocrx_word' id='word_1_615' title='bbox 375 2733 460 2759; x_wconf 86' lang='lat' dir='ltr'>dioec.</span> <span class='ocrx_word' id='word_1_616' title='bbox 474 2733 634 2767; x_wconf 87' lang='lat' dir='ltr'>Lingonen.,</span> <span class='ocrx_word' id='word_1_617' title='bbox 647 2742 746 2759; x_wconf 78' lang='lat' dir='ltr'>reserV.</span> <span class='ocrx_word' id='word_1_618' title='bbox 760 2742 853 2758; x_wconf 84' lang='lat' dir='ltr'>annua</span> <span class='ocrx_word' id='word_1_619' title='bbox 866 2741 940 2767; x_wconf 87' lang='lat' dir='ltr'>pens.</span> <span class='ocrx_word' id='word_1_620' title='bbox 954 2734 1006 2759; x_wconf 87' lang='lat'>300</span> <span class='ocrx_word' id='word_1_621' title='bbox 1018 2733 1117 2763; x_wconf 77' lang='lat' dir='ltr'>franc.;</span> 
     </span>
     <span class='ocr_line' id='line_1_51' title="bbox 61 2775 1118 2811; baseline 0.001 -10"><span class='ocrx_word' id='word_1_622' title='bbox 61 2775 106 2802; x_wconf 84' lang='lat' dir='ltr'>die</span> <span class='ocrx_word' id='word_1_623' title='bbox 128 2779 222 2802; x_wconf 72' lang='lat' dir='ltr'>autem</span> <span class='ocrx_word' id='word_1_624' title='bbox 244 2777 276 2802; x_wconf 86' lang='lat'>21</span> <span class='ocrx_word' id='word_1_625' title='bbox 300 2777 379 2803; x_wconf 83' lang='lat' dir='ltr'>Febr.</span> <span class='ocrx_word' id='word_1_626' title='bbox 405 2778 471 2804; x_wconf 84' lang='lat'>1477</span> <span class='ocrx_word' id='word_1_627' title='bbox 494 2778 616 2803; x_wconf 83' lang='lat' dir='ltr'>obtinuit</span> <span class='ocrx_word' id='word_1_628' title='bbox 638 2778 666 2803; x_wconf 93' lang='lat' dir='ltr'>in</span> <span class='ocrx_word' id='word_1_629' title='bbox 688 2786 786 2803; x_wconf 89' lang='lat' dir='ltr'>comm.</span> <span class='ocrx_word' id='word_1_630' title='bbox 811 2786 883 2803; x_wconf 89' lang='lat' dir='ltr'>mon.</span> <span class='ocrx_word' id='word_1_631' title='bbox 907 2777 941 2803; x_wconf 90' lang='lat' dir='ltr'>de</span> <span class='ocrx_word' id='word_1_632' title='bbox 963 2777 1118 2811; x_wconf 87' lang='lat' dir='ltr'>Tongorlay</span> 
     </span>
     <span class='ocr_line' id='line_1_52' title="bbox 61 2819 1116 2855; baseline 0 -9"><span class='ocrx_word' id='word_1_633' title='bbox 61 2819 94 2846; x_wconf 93' lang='lat' dir='ltr'>O.</span> <span class='ocrx_word' id='word_1_634' title='bbox 114 2819 220 2846; x_wconf 73' lang='lat' dir='ltr'>Praem.</span> <span class='ocrx_word' id='word_1_635' title='bbox 239 2820 324 2847; x_wconf 87' lang='lat' dir='ltr'>dioec.</span> <span class='ocrx_word' id='word_1_636' title='bbox 344 2821 516 2847; x_wconf 80' lang='lat' dir='ltr'>Cameraeen.</span> <span class='ocrx_word' id='word_1_637' title='bbox 535 2830 595 2847; x_wconf 85' lang='lat' dir='ltr'>vac.</span> <span class='ocrx_word' id='word_1_638' title='bbox 615 2830 663 2855; x_wconf 90' lang='lat' dir='ltr'>per</span> <span class='ocrx_word' id='word_1_639' title='bbox 680 2822 724 2847; x_wconf 86' lang='lat' dir='ltr'>ob.</span> <span class='ocrx_word' id='word_1_640' title='bbox 743 2821 834 2847; x_wconf 87' lang='lat' dir='ltr'>ultimi</span> <span class='ocrx_word' id='word_1_641' title='bbox 852 2821 975 2851; x_wconf 60' lang='lat' dir='ltr'>abbatim</span> <span class='ocrx_word' id='word_1_642' title='bbox 994 2822 1026 2848; x_wconf 88' lang='lat'>27</span> <span class='ocrx_word' id='word_1_643' title='bbox 1046 2821 1116 2847; x_wconf 89' lang='lat' dir='ltr'>Nov.</span> 
     </span>
    </p>

    <p class='ocr_par' dir='ltr' id='par_1_21' title="bbox 0 2859 1118 2982">
     <span class='ocr_line' id='line_1_53' title="bbox 0 2859 1116 2899; baseline 0.001 -9"><span class='ocrx_word' id='word_1_644' title='bbox 0 2873 18 2895; x_wconf 75' lang='lat'>‘.</span> <span class='ocrx_word' id='word_1_645' title='bbox 36 2890 38 2893; x_wconf 82' lang='grc'>,</span> <span class='ocrx_word' id='word_1_646' title='bbox 64 2859 130 2891; x_wconf 90' lang='grc'>1477</span> <span class='ocrx_word' id='word_1_647' title='bbox 147 2864 236 2890; x_wconf 86' lang='lat' dir='ltr'>eidem</span> <span class='ocrx_word' id='word_1_648' title='bbox 252 2865 325 2891; x_wconf 85' lang='lat' dir='ltr'>card.</span> <span class='ocrx_word' id='word_1_649' title='bbox 343 2865 508 2892; x_wconf 81' lang='lat' dir='ltr'>confirmata</span> <span class='ocrx_word' id='word_1_650' title='bbox 523 2869 566 2892; x_wconf 90' lang='lat' dir='ltr'>est</span> <span class='ocrx_word' id='word_1_651' title='bbox 581 2866 697 2899; x_wconf 86' lang='lat' dir='ltr'>antiqua</span> <span class='ocrx_word' id='word_1_652' title='bbox 714 2866 808 2899; x_wconf 88' lang='lat' dir='ltr'>pensio</span> <span class='ocrx_word' id='word_1_653' title='bbox 824 2866 876 2891; x_wconf 87' lang='lat'>400</span> <span class='ocrx_word' id='word_1_654' title='bbox 892 2865 920 2891; x_wconf 88' lang='lat' dir='ltr'>ss.</span> <span class='ocrx_word' id='word_1_655' title='bbox 938 2874 1020 2899; x_wconf 84' lang='lat' dir='ltr'>super</span> <span class='ocrx_word' id='word_1_656' title='bbox 1036 2865 1116 2891; x_wconf 79' lang='lat' dir='ltr'>fruct.</span> 
     </span>
     <span class='ocr_line' id='line_1_54' title="bbox 18 2907 1118 2943; baseline 0.001 -9"><span class='ocrx_word' id='word_1_657' title='bbox 18 2907 27 2925; x_wconf 32' lang='grc' dir='ltr'>’Δ</span> <span class='ocrx_word' id='word_1_658' title='bbox 61 2916 135 2934; x_wconf 86' lang='lat' dir='ltr'>mon.</span> <span class='ocrx_word' id='word_1_659' title='bbox 158 2917 179 2934; x_wconf 88' lang='lat' dir='ltr'>s.</span> <span class='ocrx_word' id='word_1_660' title='bbox 202 2909 327 2943; x_wconf 87' lang='lat' dir='ltr'>Eugendi</span> <span class='ocrx_word' id='word_1_661' title='bbox 349 2909 445 2935; x_wconf 80' lang='lat' dir='ltr'>Juren.</span> <span class='ocrx_word' id='word_1_662' title='bbox 468 2910 500 2936; x_wconf 92' lang='grc' dir='ltr'>Ο.</span> <span class='ocrx_word' id='word_1_663' title='bbox 525 2910 551 2936; x_wconf 91' lang='lat' dir='ltr'>S.</span> <span class='ocrx_word' id='word_1_664' title='bbox 574 2910 606 2935; x_wconf 92' lang='lat' dir='ltr'>B.</span> <span class='ocrx_word' id='word_1_665' title='bbox 629 2910 714 2935; x_wconf 87' lang='lat' dir='ltr'>dioec.</span> <span class='ocrx_word' id='word_1_666' title='bbox 738 2910 913 2943; x_wconf 87' lang='lat' dir='ltr'>Lugdunen.;</span> <span class='ocrx_word' id='word_1_667' title='bbox 935 2909 979 2935; x_wconf 89' lang='lat' dir='ltr'>die</span> <span class='ocrx_word' id='word_1_668' title='bbox 1000 2909 1118 2943; x_wconf 90' lang='lat' dir='ltr'>denique</span> 
     </span>
     <span class='ocr_line' id='line_1_55' title="bbox 27 2954 590 2982; baseline 0.004 -2"><span class='ocrx_word' id='word_1_669' title='bbox 27 2954 29 2956; x_wconf 85' lang='lat'>&#39;</span> <span class='ocrx_word' id='word_1_670' title='bbox 115 2961 245 2981; x_wconf 68' lang='lat' dir='ltr'>mer-rema</span> <span class='ocrx_word' id='word_1_671' title='bbox 261 2961 371 2981; x_wconf 57' lang='lat' dir='ltr'>mineum</span> <span class='ocrx_word' id='word_1_672' title='bbox 387 2961 454 2982; x_wconf 65' lang='lat' dir='ltr'>metm</span> <span class='ocrx_word' id='word_1_673' title='bbox 469 2962 527 2982; x_wconf 67' lang='lat' dir='ltr'>nevi.</span> <span class='ocrx_word' id='word_1_674' title='bbox 544 2962 590 2982; x_wconf 81' lang='grc'>11.·</span> 
     </span>
    </p>
   </div>
   <div class='ocr_carea' id='block_1_15' title="bbox 0 2880 47 3207">
    <p class='ocr_par' dir='ltr' id='par_1_22' title="bbox 0 2880 47 3207">
     <span class='ocr_line' id='line_1_56' title="bbox 0 2880 47 3207; baseline 0 121"><span class='ocrx_word' id='word_1_675' title='bbox 0 2880 47 3207; x_wconf 95' lang='lat' dir='ltr'> </span> 
     </span>
    </p>
   </div>
   <div class='ocr_carea' id='block_1_16' title="bbox 59 1179 2170 1275">
    <p class='ocr_par' dir='ltr' id='par_1_23' title="bbox 59 1179 2170 1275">
     <span class='ocr_line' id='line_1_57' title="bbox 59 1179 1946 1222; baseline -0.001 -10"><span class='ocrx_word' id='word_1_676' title='bbox 59 1182 110 1222; x_wconf 88' lang='grc'>14)</span> <span class='ocrx_word' id='word_1_677' title='bbox 132 1182 273 1214; x_wconf 64' lang='lat' dir='ltr'>Ioannes</span> <span class='ocrx_word' id='word_1_678' title='bbox 294 1182 332 1213; x_wconf 83' lang='lat' dir='ltr'>de</span> <span class='ocrx_word' id='word_1_679' title='bbox 352 1181 486 1216; x_wconf 73' lang='lat' dir='ltr'>melinis,</span> <span class='ocrx_word' id='word_1_680' title='bbox 510 1192 558 1222; x_wconf 90' lang='lat' dir='ltr'>ep.</span> <span class='ocrx_word' id='word_1_681' title='bbox 583 1180 771 1212; x_wconf 87' lang='lat' dir='ltr'>Urbinaten.</span> <span class='ocrx_word' id='word_1_682' title='bbox 798 1195 830 1205; x_wconf 92' lang='lat'><strong><em>=</em></strong></span> <span class='ocrx_word' id='word_1_683' title='bbox 855 1180 906 1211; x_wconf 85' lang='lat' dir='ltr'>tit.</span> <span class='ocrx_word' id='word_1_684' title='bbox 930 1190 970 1210; x_wconf 88' lang='lat' dir='ltr'>ss.</span> <span class='ocrx_word' id='word_1_685' title='bbox 995 1179 1087 1210; x_wconf 87' lang='lat' dir='ltr'>Nerei</span> <span class='ocrx_word' id='word_1_686' title='bbox 1110 1183 1143 1210; x_wconf 89' lang='lat' dir='ltr'>et</span> <span class='ocrx_word' id='word_1_687' title='bbox 1165 1179 1296 1210; x_wconf 88' lang='lat' dir='ltr'>Achillei</span> <span class='ocrx_word' id='word_1_688' title='bbox 1320 1179 1582 1218; x_wconf 83' lang='lat' dir='ltr'>(Urbinatensis);</span> <span class='ocrx_word' id='word_1_689' title='bbox 1606 1180 1625 1219; x_wconf 88' lang='lat'><em>†</em></span> <span class='ocrx_word' id='word_1_690' title='bbox 1650 1180 1726 1211; x_wconf 91' lang='lat'>1478</span> <span class='ocrx_word' id='word_1_691' title='bbox 1752 1180 1816 1211; x_wconf 89' lang='lat' dir='ltr'>Jul.</span> <span class='ocrx_word' id='word_1_692' title='bbox 1841 1181 1893 1210; x_wconf 88' lang='lat'>24·</span> <span class='ocrx_word' id='word_1_693' title='bbox 1887 1181 1946 1220; x_wconf 89' lang='grc'>,11)</span> 
     </span>
     <span class='ocr_line' id='line_1_58' title="bbox 721 1232 2170 1275; baseline 0.001 -11"><span class='ocrx_word' id='word_1_694' title='bbox 721 1234 801 1265; x_wconf 91' lang='lat' dir='ltr'>diac.</span> <span class='ocrx_word' id='word_1_695' title='bbox 821 1244 861 1264; x_wconf 88' lang='grc'>88.</span> <span class='ocrx_word' id='word_1_696' title='bbox 881 1233 1012 1264; x_wconf 87' lang='lat' dir='ltr'>Cosmae</span> <span class='ocrx_word' id='word_1_697' title='bbox 1031 1236 1063 1263; x_wconf 88' lang='lat' dir='ltr'>et</span> <span class='ocrx_word' id='word_1_698' title='bbox 1080 1232 1186 1270; x_wconf 89' lang='lat' dir='ltr'>Dam.,</span> <span class='ocrx_word' id='word_1_699' title='bbox 1205 1232 1277 1263; x_wconf 91' lang='lat' dir='ltr'>dein</span> <span class='ocrx_word' id='word_1_700' title='bbox 1297 1233 1347 1263; x_wconf 89' lang='lat' dir='ltr'>tit.</span> <span class='ocrx_word' id='word_1_701' title='bbox 1367 1243 1390 1263; x_wconf 90' lang='lat' dir='ltr'>s.</span> <span class='ocrx_word' id='word_1_702' title='bbox 1413 1232 1495 1263; x_wconf 79' lang='lat' dir='ltr'>Sixti</span> <span class='ocrx_word' id='word_1_703' title='bbox 1514 1232 1615 1272; x_wconf 83' lang='lat' dir='ltr'>presb.</span> <span class='ocrx_word' id='word_1_704' title='bbox 1637 1233 1687 1272; x_wconf 91' lang='lat' dir='ltr'>(de</span> <span class='ocrx_word' id='word_1_705' title='bbox 1706 1233 1824 1273; x_wconf 81' lang='lat' dir='ltr'>Fuxo);</span> <span class='ocrx_word' id='word_1_706' title='bbox 1844 1234 1863 1273; x_wconf 92' lang='lat'><strong>†</strong></span> <span class='ocrx_word' id='word_1_707' title='bbox 1883 1234 1961 1264; x_wconf 87' lang='lat'>1490</span> <span class='ocrx_word' id='word_1_708' title='bbox 1981 1234 2045 1265; x_wconf 89' lang='lat' dir='ltr'>Jul.</span> <span class='ocrx_word' id='word_1_709' title='bbox 2068 1234 2170 1275; x_wconf 77' lang='lat'>17312)</span> 
     </span>
    </p>
   </div>
   <div class='ocr_carea' id='block_1_17' title="bbox 1220 1409 2280 2942">
    <p class='ocr_par' dir='ltr' id='par_1_24' title="bbox 1220 1409 2277 1488">
     <span class='ocr_line' id='line_1_59' title="bbox 1220 1409 2277 1442; baseline 0.002 -7"><span class='ocrx_word' id='word_1_710' title='bbox 1220 1409 1254 1435; x_wconf 91' lang='grc'>30</span> <span class='ocrx_word' id='word_1_711' title='bbox 1265 1409 1335 1442; x_wconf 86' lang='lat' dir='ltr'>Aug.</span> <span class='ocrx_word' id='word_1_712' title='bbox 1350 1409 1418 1435; x_wconf 85' lang='lat'>1480</span> <span class='ocrx_word' id='word_1_713' title='bbox 1429 1409 1578 1442; x_wconf 83' lang='lat' dir='ltr'>resignavit</span> <span class='ocrx_word' id='word_1_714' title='bbox 1590 1417 1662 1435; x_wconf 89' lang='lat' dir='ltr'>mon.</span> <span class='ocrx_word' id='word_1_715' title='bbox 1676 1409 1831 1435; x_wconf 86' lang='lat' dir='ltr'>Cluniacen.</span> <span class='ocrx_word' id='word_1_716' title='bbox 1845 1410 1929 1436; x_wconf 91' lang='lat' dir='ltr'>dioec.</span> <span class='ocrx_word' id='word_1_717' title='bbox 1942 1411 2121 1436; x_wconf 88' lang='lat' dir='ltr'>Matisconen.</span> <span class='ocrx_word' id='word_1_718' title='bbox 2135 1414 2163 1437; x_wconf 89' lang='lat' dir='ltr'>et</span> <span class='ocrx_word' id='word_1_719' title='bbox 2177 1412 2208 1437; x_wconf 91' lang='lat'>18</span> <span class='ocrx_word' id='word_1_720' title='bbox 2221 1412 2277 1438; x_wconf 81' lang='lat' dir='ltr'>Jul.</span> 
     </span>
     <span class='ocr_line' id='line_1_60' title="bbox 1222 1452 2277 1488; baseline 0.004 -10"><span class='ocrx_word' id='word_1_721' title='bbox 1222 1453 1289 1479; x_wconf 88' lang='lat'>1483</span> <span class='ocrx_word' id='word_1_722' title='bbox 1309 1461 1381 1478; x_wconf 90' lang='lat' dir='ltr'>mon.</span> <span class='ocrx_word' id='word_1_723' title='bbox 1402 1461 1422 1478; x_wconf 87' lang='lat' dir='ltr'>s.</span> <span class='ocrx_word' id='word_1_724' title='bbox 1443 1452 1518 1478; x_wconf 88' lang='lat' dir='ltr'>Petri</span> <span class='ocrx_word' id='word_1_725' title='bbox 1537 1453 1694 1479; x_wconf 89' lang='lat' dir='ltr'>Cabilonen.</span> <span class='ocrx_word' id='word_1_726' title='bbox 1726 1453 1798 1485; x_wconf 95' lang='lat' dir='ltr'>(Obl.</span> <span class='ocrx_word' id='word_1_727' title='bbox 1819 1455 1852 1480; x_wconf 89' lang='lat'>83</span> <span class='ocrx_word' id='word_1_728' title='bbox 1871 1454 1890 1479; x_wconf 78' lang='lat' dir='ltr'>f.</span> <span class='ocrx_word' id='word_1_729' title='bbox 1911 1455 1953 1485; x_wconf 87' lang='grc'>29,</span> <span class='ocrx_word' id='word_1_730' title='bbox 1973 1455 2016 1485; x_wconf 88' lang='lat'>42,</span> <span class='ocrx_word' id='word_1_731' title='bbox 2036 1456 2078 1485; x_wconf 90' lang='lat'>47,</span> <span class='ocrx_word' id='word_1_732' title='bbox 2099 1456 2141 1486; x_wconf 88' lang='lat'>51,</span> <span class='ocrx_word' id='word_1_733' title='bbox 2161 1456 2204 1486; x_wconf 88' lang='lat'>69,</span> <span class='ocrx_word' id='word_1_734' title='bbox 2224 1457 2277 1488; x_wconf 88' lang='lat'>85).</span> 
     </span>
    </p>

    <p class='ocr_par' dir='ltr' id='par_1_25' title="bbox 1220 1496 2280 2235">
     <span class='ocr_line' id='line_1_61' title="bbox 1290 1496 2279 1532; baseline 0.003 -10"><span class='ocrx_word' id='word_1_735' title='bbox 1290 1496 1312 1529; x_wconf 83' lang='lat'>⁸)</span> <span class='ocrx_word' id='word_1_736' title='bbox 1332 1497 1383 1522; x_wconf 88' lang='lat' dir='ltr'>Die</span> <span class='ocrx_word' id='word_1_737' title='bbox 1401 1497 1527 1522; x_wconf 87' lang='lat' dir='ltr'>Mercurii</span> <span class='ocrx_word' id='word_1_738' title='bbox 1546 1497 1585 1523; x_wconf 94' lang='lat' dir='ltr'>IV</span> <span class='ocrx_word' id='word_1_739' title='bbox 1604 1500 1688 1531; x_wconf 91' lang='lat' dir='ltr'>temp.</span> <span class='ocrx_word' id='word_1_740' title='bbox 1711 1499 1742 1523; x_wconf 91' lang='lat'>18</span> <span class='ocrx_word' id='word_1_741' title='bbox 1761 1498 1825 1523; x_wconf 91' lang='lat' dir='ltr'>Dec.</span> <span class='ocrx_word' id='word_1_742' title='bbox 1848 1499 1915 1525; x_wconf 89' lang='lat'>1476</span> <span class='ocrx_word' id='word_1_743' title='bbox 1935 1499 1961 1525; x_wconf 89' lang='lat' dir='ltr'>S.</span> <span class='ocrx_word' id='word_1_744' title='bbox 1981 1499 2011 1524; x_wconf 92' lang='lat' dir='ltr'>P.</span> <span class='ocrx_word' id='word_1_745' title='bbox 2031 1499 2106 1532; x_wconf 88' lang='lat' dir='ltr'>apud</span> <span class='ocrx_word' id='word_1_746' title='bbox 2124 1507 2144 1525; x_wconf 87' lang='grc'>8.</span> <span class='ocrx_word' id='word_1_747' title='bbox 2165 1499 2279 1525; x_wconf 90' lang='lat' dir='ltr'>Petrum</span> 
     </span>
     <span class='ocr_line' id='line_1_62' title="bbox 1220 1541 2277 1576; baseline 0.004 -11"><span class='ocrx_word' id='word_1_748' title='bbox 1220 1541 1249 1566; x_wconf 84' lang='lat' dir='ltr'>in</span> <span class='ocrx_word' id='word_1_749' title='bbox 1263 1549 1313 1566; x_wconf 89' lang='lat' dir='ltr'>suo</span> <span class='ocrx_word' id='word_1_750' title='bbox 1329 1541 1490 1566; x_wconf 86' lang='lat' dir='ltr'>consistorio</span> <span class='ocrx_word' id='word_1_751' title='bbox 1505 1544 1618 1571; x_wconf 77' lang='lat' dir='ltr'>secreto,</span> <span class='ocrx_word' id='word_1_752' title='bbox 1634 1544 1667 1567; x_wconf 88' lang='lat' dir='ltr'>ut</span> <span class='ocrx_word' id='word_1_753' title='bbox 1683 1542 1765 1567; x_wconf 89' lang='lat' dir='ltr'>moris</span> <span class='ocrx_word' id='word_1_754' title='bbox 1780 1545 1831 1572; x_wconf 80' lang='lat' dir='ltr'>est,</span> <span class='ocrx_word' id='word_1_755' title='bbox 1859 1544 2008 1576; x_wconf 84' lang='lat' dir='ltr'>assumpsit</span> <span class='ocrx_word' id='word_1_756' title='bbox 2024 1543 2060 1568; x_wconf 87' lang='lat' dir='ltr'>ad</span> <span class='ocrx_word' id='word_1_757' title='bbox 2075 1543 2277 1569; x_wconf 86' lang='lat' dir='ltr'>cardinalatum</span> 
     </span>
     <span class='ocr_line' id='line_1_63' title="bbox 1220 1585 2277 1620; baseline 0.003 -10"><span class='ocrx_word' id='word_1_758' title='bbox 1220 1585 1409 1619; x_wconf 70' lang='lat' dir='ltr'>infrascriptos</span> <span class='ocrx_word' id='word_1_759' title='bbox 1435 1587 1451 1610; x_wconf 90' lang='lat'>5</span> <span class='ocrx_word' id='word_1_760' title='bbox 1470 1585 1605 1615; x_wconf 82' lang='lat' dir='ltr'>dominos,</span> <span class='ocrx_word' id='word_1_761' title='bbox 1633 1586 1761 1611; x_wconf 89' lang='lat' dir='ltr'>videlicet</span> <span class='ocrx_word' id='word_1_762' title='bbox 1789 1586 1936 1620; x_wconf 86' lang='lat' dir='ltr'>Georgium</span> <span class='ocrx_word' id='word_1_763' title='bbox 1962 1587 2080 1620; x_wconf 83' lang='lat' dir='ltr'>archiep.</span> <span class='ocrx_word' id='word_1_764' title='bbox 2101 1587 2277 1619; x_wconf 88' lang='lat' dir='ltr'>Ulixbonen.,</span> 
     </span>
     <span class='ocr_line' id='line_1_64' title="bbox 1220 1629 2279 1664; baseline 0.004 -10"><span class='ocrx_word' id='word_1_765' title='bbox 1220 1629 1348 1655; x_wconf 86' lang='lat' dir='ltr'>Carolum</span> <span class='ocrx_word' id='word_1_766' title='bbox 1377 1629 1495 1663; x_wconf 90' lang='lat' dir='ltr'>archiep.</span> <span class='ocrx_word' id='word_1_767' title='bbox 1526 1629 1697 1663; x_wconf 87' lang='lat' dir='ltr'>Lugdunen.,</span> <span class='ocrx_word' id='word_1_768' title='bbox 1727 1630 1841 1656; x_wconf 90' lang='lat' dir='ltr'>Petrum</span> <span class='ocrx_word' id='word_1_769' title='bbox 1870 1639 1911 1664; x_wconf 89' lang='lat' dir='ltr'>ep.</span> <span class='ocrx_word' id='word_1_770' title='bbox 1942 1631 2110 1662; x_wconf 63' lang='lat' dir='ltr'>Tirasonem,</span> <span class='ocrx_word' id='word_1_771' title='bbox 2141 1631 2279 1658; x_wconf 84' lang='lat' dir='ltr'>Joannem</span> 
     </span>
     <span class='ocr_line' id='line_1_65' title="bbox 1220 1673 2279 1710; baseline 0.003 -11"><span class='ocrx_word' id='word_1_772' title='bbox 1220 1673 1255 1699; x_wconf 89' lang='lat' dir='ltr'>de</span> <span class='ocrx_word' id='word_1_773' title='bbox 1277 1674 1384 1699; x_wconf 88' lang='lat' dir='ltr'>Melinis</span> <span class='ocrx_word' id='word_1_774' title='bbox 1407 1682 1448 1707; x_wconf 87' lang='lat' dir='ltr'>ep.</span> <span class='ocrx_word' id='word_1_775' title='bbox 1466 1673 1640 1704; x_wconf 89' lang='lat' dir='ltr'>Urbinaten.,</span> <span class='ocrx_word' id='word_1_776' title='bbox 1665 1674 1778 1699; x_wconf 89' lang='lat' dir='ltr'>Petrum</span> <span class='ocrx_word' id='word_1_777' title='bbox 1801 1674 1836 1700; x_wconf 89' lang='lat' dir='ltr'>de</span> <span class='ocrx_word' id='word_1_778' title='bbox 1859 1675 1938 1700; x_wconf 86' lang='lat' dir='ltr'>Fuxo</span> <span class='ocrx_word' id='word_1_779' title='bbox 1960 1684 2002 1708; x_wconf 91' lang='lat' dir='ltr'>ep.</span> <span class='ocrx_word' id='word_1_780' title='bbox 2027 1675 2170 1706; x_wconf 89' lang='lat' dir='ltr'>Veneten.,</span> <span class='ocrx_word' id='word_1_781' title='bbox 2194 1679 2279 1710; x_wconf 85' lang='lat' dir='ltr'>atque</span> 
     </span>
     <span class='ocr_line' id='line_1_66' title="bbox 1220 1717 2279 1753; baseline 0.004 -11"><span class='ocrx_word' id='word_1_782' title='bbox 1220 1717 1265 1743; x_wconf 88' lang='lat' dir='ltr'>die</span> <span class='ocrx_word' id='word_1_783' title='bbox 1278 1718 1391 1743; x_wconf 88' lang='lat' dir='ltr'>Veneris</span> <span class='ocrx_word' id='word_1_784' title='bbox 1405 1718 1439 1743; x_wconf 93' lang='grc'>20</span> <span class='ocrx_word' id='word_1_785' title='bbox 1453 1718 1518 1743; x_wconf 87' lang='lat' dir='ltr'>Dec.</span> <span class='ocrx_word' id='word_1_786' title='bbox 1534 1718 1562 1743; x_wconf 90' lang='lat' dir='ltr'>in</span> <span class='ocrx_word' id='word_1_787' title='bbox 1576 1726 1625 1743; x_wconf 90' lang='lat' dir='ltr'>suo</span> <span class='ocrx_word' id='word_1_788' title='bbox 1639 1719 1800 1744; x_wconf 87' lang='lat' dir='ltr'>consistorio</span> <span class='ocrx_word' id='word_1_789' title='bbox 1815 1719 1924 1752; x_wconf 90' lang='lat' dir='ltr'>publico</span> <span class='ocrx_word' id='word_1_790' title='bbox 1938 1719 2013 1752; x_wconf 90' lang='lat' dir='ltr'>apud</span> <span class='ocrx_word' id='word_1_791' title='bbox 2027 1728 2047 1745; x_wconf 88' lang='grc'>8.</span> <span class='ocrx_word' id='word_1_792' title='bbox 2064 1720 2177 1745; x_wconf 87' lang='lat' dir='ltr'>Petrum</span> <span class='ocrx_word' id='word_1_793' title='bbox 2191 1720 2279 1753; x_wconf 91' lang='lat' dir='ltr'>publi-</span> 
     </span>
     <span class='ocr_line' id='line_1_67' title="bbox 1221 1762 2279 1798; baseline 0.003 -11"><span class='ocrx_word' id='word_1_794' title='bbox 1221 1763 1296 1787; x_wconf 87' lang='lat' dir='ltr'>cavit</span> <span class='ocrx_word' id='word_1_795' title='bbox 1309 1762 1510 1795; x_wconf 85' lang='lat' dir='ltr'>suprascriptos</span> <span class='ocrx_word' id='word_1_796' title='bbox 1523 1763 1539 1787; x_wconf 92' lang='lat'>5</span> <span class='ocrx_word' id='word_1_797' title='bbox 1552 1762 1624 1788; x_wconf 87' lang='lat' dir='ltr'>card.</span> <span class='ocrx_word' id='word_1_798' title='bbox 1639 1765 1668 1787; x_wconf 91' lang='lat' dir='ltr'>et</span> <span class='ocrx_word' id='word_1_799' title='bbox 1681 1762 1780 1788; x_wconf 85' lang='lat' dir='ltr'>deinde</span> <span class='ocrx_word' id='word_1_800' title='bbox 1792 1763 1869 1788; x_wconf 88' lang='lat' dir='ltr'>dedit</span> <span class='ocrx_word' id='word_1_801' title='bbox 1883 1763 2000 1796; x_wconf 85' lang='lat' dir='ltr'>capellos</span> <span class='ocrx_word' id='word_1_802' title='bbox 2013 1764 2112 1789; x_wconf 88' lang='lat' dir='ltr'>rubeos</span> <span class='ocrx_word' id='word_1_803' title='bbox 2130 1764 2158 1789; x_wconf 87' lang='lat' dir='ltr'>in</span> <span class='ocrx_word' id='word_1_804' title='bbox 2170 1765 2279 1798; x_wconf 86' lang='lat' dir='ltr'>signum</span> 
     </span>
     <span class='ocr_line' id='line_1_68' title="bbox 1221 1806 2279 1841; baseline 0.003 -10"><span class='ocrx_word' id='word_1_805' title='bbox 1221 1806 1408 1831; x_wconf 85' lang='lat' dir='ltr'>cardinalatus</span> <span class='ocrx_word' id='word_1_806' title='bbox 1422 1806 1540 1831; x_wconf 90' lang='lat' dir='ltr'>dominis</span> <span class='ocrx_word' id='word_1_807' title='bbox 1555 1806 1638 1831; x_wconf 89' lang='lat' dir='ltr'>Petro</span> <span class='ocrx_word' id='word_1_808' title='bbox 1652 1815 1694 1840; x_wconf 86' lang='lat' dir='ltr'>ep.</span> <span class='ocrx_word' id='word_1_809' title='bbox 1711 1806 1868 1833; x_wconf 89' lang='lat' dir='ltr'>Tirasonen.</span> <span class='ocrx_word' id='word_1_810' title='bbox 1884 1810 1913 1832; x_wconf 90' lang='lat' dir='ltr'>et</span> <span class='ocrx_word' id='word_1_811' title='bbox 1929 1807 2031 1833; x_wconf 86' lang='lat' dir='ltr'>Joanni</span> <span class='ocrx_word' id='word_1_812' title='bbox 2046 1816 2088 1841; x_wconf 90' lang='lat' dir='ltr'>ep.</span> <span class='ocrx_word' id='word_1_813' title='bbox 2105 1808 2279 1839; x_wconf 83' lang='lat' dir='ltr'>Urbinaten.,</span> 
     </span>
     <span class='ocr_line' id='line_1_69' title="bbox 1221 1850 2280 1885; baseline 0.003 -10"><span class='ocrx_word' id='word_1_814' title='bbox 1221 1851 1337 1876; x_wconf 85' lang='lat' dir='ltr'>servatis</span> <span class='ocrx_word' id='word_1_815' title='bbox 1354 1850 1482 1876; x_wconf 86' lang='lat' dir='ltr'>omnibus</span> <span class='ocrx_word' id='word_1_816' title='bbox 1499 1851 1646 1881; x_wconf 80' lang='lat' dir='ltr'>consuetis,</span> <span class='ocrx_word' id='word_1_817' title='bbox 1664 1851 1745 1876; x_wconf 83' lang='lat' dir='ltr'>videl.</span> <span class='ocrx_word' id='word_1_818' title='bbox 1764 1850 1798 1876; x_wconf 89' lang='lat' dir='ltr'>de</span> <span class='ocrx_word' id='word_1_819' title='bbox 1816 1851 1970 1885; x_wconf 89' lang='lat' dir='ltr'>recipiendo</span> <span class='ocrx_word' id='word_1_820' title='bbox 1987 1852 2023 1877; x_wconf 87' lang='lat' dir='ltr'>ad</span> <span class='ocrx_word' id='word_1_821' title='bbox 2040 1852 2164 1877; x_wconf 89' lang='lat' dir='ltr'>osculum</span> <span class='ocrx_word' id='word_1_822' title='bbox 2182 1861 2280 1878; x_wconf 84' lang='lat' dir='ltr'>manus</span> 
     </span>
     <span class='ocr_line' id='line_1_70' title="bbox 1221 1894 2279 1928; baseline 0.003 -9"><span class='ocrx_word' id='word_1_823' title='bbox 1221 1897 1250 1920; x_wconf 88' lang='lat' dir='ltr'>et</span> <span class='ocrx_word' id='word_1_824' title='bbox 1267 1895 1328 1919; x_wconf 88' lang='lat' dir='ltr'>oris.</span> <span class='ocrx_word' id='word_1_825' title='bbox 1364 1894 1416 1919; x_wconf 92' lang='lat' dir='ltr'>Die</span> <span class='ocrx_word' id='word_1_826' title='bbox 1433 1894 1551 1928; x_wconf 88' lang='lat' dir='ltr'>denique</span> <span class='ocrx_word' id='word_1_827' title='bbox 1569 1894 1663 1920; x_wconf 84' lang='lat' dir='ltr'>Lunae</span> <span class='ocrx_word' id='word_1_828' title='bbox 1681 1895 1715 1920; x_wconf 91' lang='lat'>30</span> <span class='ocrx_word' id='word_1_829' title='bbox 1733 1895 1797 1920; x_wconf 90' lang='lat' dir='ltr'>Dec.</span> <span class='ocrx_word' id='word_1_830' title='bbox 1817 1895 1889 1920; x_wconf 88' lang='lat' dir='ltr'>idem</span> <span class='ocrx_word' id='word_1_831' title='bbox 1910 1896 1935 1921; x_wconf 88' lang='lat' dir='ltr'>S.</span> <span class='ocrx_word' id='word_1_832' title='bbox 1956 1896 1985 1921; x_wconf 91' lang='lat' dir='ltr'>P.</span> <span class='ocrx_word' id='word_1_833' title='bbox 2005 1896 2033 1921; x_wconf 92' lang='lat' dir='ltr'>in</span> <span class='ocrx_word' id='word_1_834' title='bbox 2051 1904 2100 1921; x_wconf 90' lang='lat' dir='ltr'>suo</span> <span class='ocrx_word' id='word_1_835' title='bbox 2118 1897 2279 1922; x_wconf 89' lang='lat' dir='ltr'>consistorio</span> 
     </span>
     <span class='ocr_line' id='line_1_71' title="bbox 1221 1938 2280 1973; baseline 0.003 -10"><span class='ocrx_word' id='word_1_836' title='bbox 1221 1941 1326 1964; x_wconf 89' lang='lat' dir='ltr'>secreto</span> <span class='ocrx_word' id='word_1_837' title='bbox 1338 1938 1413 1972; x_wconf 91' lang='lat' dir='ltr'>apud</span> <span class='ocrx_word' id='word_1_838' title='bbox 1425 1947 1446 1964; x_wconf 88' lang='lat' dir='ltr'>s.</span> <span class='ocrx_word' id='word_1_839' title='bbox 1460 1938 1574 1964; x_wconf 85' lang='lat' dir='ltr'>Petrum</span> <span class='ocrx_word' id='word_1_840' title='bbox 1587 1939 1695 1972; x_wconf 86' lang='lat' dir='ltr'>aperuit</span> <span class='ocrx_word' id='word_1_841' title='bbox 1707 1947 1737 1964; x_wconf 91' lang='lat' dir='ltr'>os</span> <span class='ocrx_word' id='word_1_842' title='bbox 1750 1940 1942 1973; x_wconf 87' lang='lat' dir='ltr'>suprascriptis</span> <span class='ocrx_word' id='word_1_843' title='bbox 1954 1939 2063 1965; x_wconf 91' lang='lat' dir='ltr'>duobus</span> <span class='ocrx_word' id='word_1_844' title='bbox 2075 1940 2148 1965; x_wconf 86' lang='lat' dir='ltr'>card.</span> <span class='ocrx_word' id='word_1_845' title='bbox 2162 1943 2191 1966; x_wconf 91' lang='lat' dir='ltr'>et</span> <span class='ocrx_word' id='word_1_846' title='bbox 2202 1940 2280 1966; x_wconf 90' lang='lat' dir='ltr'>dedit</span> 
     </span>
     <span class='ocr_line' id='line_1_72' title="bbox 1221 1982 2280 2013; baseline 0.002 -5"><span class='ocrx_word' id='word_1_847' title='bbox 1221 1983 1259 2008; x_wconf 88' lang='grc'>018</span> <span class='ocrx_word' id='word_1_848' title='bbox 1282 1982 1387 2013; x_wconf 87' lang='lat' dir='ltr'>titulos,</span> <span class='ocrx_word' id='word_1_849' title='bbox 1410 1982 1491 2008; x_wconf 88' lang='lat' dir='ltr'>videl.</span> <span class='ocrx_word' id='word_1_850' title='bbox 1514 1982 1627 2013; x_wconf 85' lang='lat' dir='ltr'>domino</span> <span class='ocrx_word' id='word_1_851' title='bbox 1650 1983 1812 2009; x_wconf 85' lang='lat' dir='ltr'>Urbinaten.</span> <span class='ocrx_word' id='word_1_852' title='bbox 1837 1984 1880 2009; x_wconf 90' lang='lat' dir='ltr'>tit.</span> <span class='ocrx_word' id='word_1_853' title='bbox 1904 1992 1938 2009; x_wconf 88' lang='lat' dir='ltr'>ss.</span> <span class='ocrx_word' id='word_1_854' title='bbox 1962 1984 2043 2010; x_wconf 88' lang='lat' dir='ltr'>Nerei</span> <span class='ocrx_word' id='word_1_855' title='bbox 2065 1987 2094 2009; x_wconf 86' lang='lat' dir='ltr'>et</span> <span class='ocrx_word' id='word_1_856' title='bbox 2115 1984 2229 2010; x_wconf 91' lang='lat' dir='ltr'>Achillei</span> <span class='ocrx_word' id='word_1_857' title='bbox 2251 1987 2280 2010; x_wconf 89' lang='lat' dir='ltr'>et</span> 
     </span>
     <span class='ocr_line' id='line_1_73' title="bbox 1221 2026 2278 2062; baseline 0.002 -10"><span class='ocrx_word' id='word_1_858' title='bbox 1221 2026 1334 2052; x_wconf 90' lang='lat' dir='ltr'>domino</span> <span class='ocrx_word' id='word_1_859' title='bbox 1350 2026 1507 2052; x_wconf 87' lang='lat' dir='ltr'>Tirasonen.</span> <span class='ocrx_word' id='word_1_860' title='bbox 1526 2027 1570 2052; x_wconf 89' lang='lat' dir='ltr'>tit.</span> <span class='ocrx_word' id='word_1_861' title='bbox 1589 2035 1608 2052; x_wconf 93' lang='lat' dir='ltr'>s.</span> <span class='ocrx_word' id='word_1_862' title='bbox 1630 2027 1713 2057; x_wconf 84' lang='lat' dir='ltr'>Sixti;</span> <span class='ocrx_word' id='word_1_863' title='bbox 1731 2030 1759 2052; x_wconf 89' lang='lat' dir='ltr'>et</span> <span class='ocrx_word' id='word_1_864' title='bbox 1776 2028 1811 2053; x_wconf 84' lang='lat' dir='ltr'>ab</span> <span class='ocrx_word' id='word_1_865' title='bbox 1829 2027 1879 2053; x_wconf 84' lang='lat' dir='ltr'>hac</span> <span class='ocrx_word' id='word_1_866' title='bbox 1896 2028 1940 2053; x_wconf 93' lang='lat' dir='ltr'>die</span> <span class='ocrx_word' id='word_1_867' title='bbox 1957 2028 1985 2053; x_wconf 93' lang='lat' dir='ltr'>in</span> <span class='ocrx_word' id='word_1_868' title='bbox 2001 2031 2085 2053; x_wconf 86' lang='lat' dir='ltr'>antea</span> <span class='ocrx_word' id='word_1_869' title='bbox 2101 2029 2278 2062; x_wconf 86' lang='lat' dir='ltr'>participant.</span> 
     </span>
     <span class='ocr_line' id='line_1_74' title="bbox 1222 2071 2279 2098; baseline 0.002 -2"><span class='ocrx_word' id='word_1_870' title='bbox 1222 2071 1273 2096; x_wconf 87' lang='lat' dir='ltr'>Die</span> <span class='ocrx_word' id='word_1_871' title='bbox 1290 2072 1322 2096; x_wconf 91' lang='lat'>15</span> <span class='ocrx_word' id='word_1_872' title='bbox 1338 2071 1402 2096; x_wconf 82' lang='lat' dir='ltr'>Jan.</span> <span class='ocrx_word' id='word_1_873' title='bbox 1421 2071 1487 2098; x_wconf 86' lang='lat'>1477</span> <span class='ocrx_word' id='word_1_874' title='bbox 1505 2071 1530 2097; x_wconf 90' lang='lat' dir='ltr'>S.</span> <span class='ocrx_word' id='word_1_875' title='bbox 1548 2071 1577 2096; x_wconf 90' lang='lat' dir='ltr'>P.</span> <span class='ocrx_word' id='word_1_876' title='bbox 1594 2071 1622 2096; x_wconf 90' lang='lat' dir='ltr'>in</span> <span class='ocrx_word' id='word_1_877' title='bbox 1637 2079 1687 2096; x_wconf 90' lang='lat' dir='ltr'>suo</span> <span class='ocrx_word' id='word_1_878' title='bbox 1701 2072 1862 2097; x_wconf 86' lang='lat' dir='ltr'>consistorio</span> <span class='ocrx_word' id='word_1_879' title='bbox 1877 2071 1954 2097; x_wconf 89' lang='lat' dir='ltr'>dedit</span> <span class='ocrx_word' id='word_1_880' title='bbox 1969 2072 2065 2097; x_wconf 86' lang='lat' dir='ltr'>titulos</span> <span class='ocrx_word' id='word_1_881' title='bbox 2080 2072 2168 2097; x_wconf 90' lang='lat' dir='ltr'>tribus</span> <span class='ocrx_word' id='word_1_882' title='bbox 2183 2073 2279 2098; x_wconf 87' lang='lat' dir='ltr'>absen-</span> 
     </span>
     <span class='ocr_line' id='line_1_75' title="bbox 1222 2115 2278 2149; baseline 0.002 -9"><span class='ocrx_word' id='word_1_883' title='bbox 1222 2115 1297 2140; x_wconf 89' lang='lat' dir='ltr'>tibus</span> <span class='ocrx_word' id='word_1_884' title='bbox 1310 2115 1393 2145; x_wconf 87' lang='lat' dir='ltr'>card.,</span> <span class='ocrx_word' id='word_1_885' title='bbox 1407 2115 1487 2140; x_wconf 86' lang='lat' dir='ltr'>videl.</span> <span class='ocrx_word' id='word_1_886' title='bbox 1504 2115 1620 2148; x_wconf 86' lang='lat' dir='ltr'>Georgio</span> <span class='ocrx_word' id='word_1_887' title='bbox 1633 2124 1692 2149; x_wconf 82' lang='lat' dir='ltr'>aep.</span> <span class='ocrx_word' id='word_1_888' title='bbox 1706 2115 1871 2141; x_wconf 81' lang='lat' dir='ltr'>Ulixbonen.</span> <span class='ocrx_word' id='word_1_889' title='bbox 1886 2117 1929 2141; x_wconf 90' lang='lat' dir='ltr'>tit.</span> <span class='ocrx_word' id='word_1_890' title='bbox 1944 2124 1978 2141; x_wconf 88' lang='lat' dir='ltr'>ss.</span> <span class='ocrx_word' id='word_1_891' title='bbox 1992 2116 2142 2141; x_wconf 84' lang='lat' dir='ltr'>Marcellini</span> <span class='ocrx_word' id='word_1_892' title='bbox 2154 2119 2182 2142; x_wconf 89' lang='lat' dir='ltr'>et</span> <span class='ocrx_word' id='word_1_893' title='bbox 2195 2117 2278 2147; x_wconf 90' lang='lat' dir='ltr'>Petri,</span> 
     </span>
     <span class='ocr_line' id='line_1_76' title="bbox 1222 2158 2279 2194; baseline 0.002 -10"><span class='ocrx_word' id='word_1_894' title='bbox 1222 2158 1319 2185; x_wconf 87' lang='lat' dir='ltr'>Carolo</span> <span class='ocrx_word' id='word_1_895' title='bbox 1328 2167 1386 2192; x_wconf 83' lang='lat' dir='ltr'>aep.</span> <span class='ocrx_word' id='word_1_896' title='bbox 1398 2159 1558 2193; x_wconf 88' lang='lat' dir='ltr'>Lugdunen.</span> <span class='ocrx_word' id='word_1_897' title='bbox 1570 2159 1612 2185; x_wconf 89' lang='lat' dir='ltr'>tit.</span> <span class='ocrx_word' id='word_1_898' title='bbox 1624 2167 1644 2185; x_wconf 89' lang='lat' dir='ltr'>s.</span> <span class='ocrx_word' id='word_1_899' title='bbox 1654 2159 1767 2185; x_wconf 90' lang='lat' dir='ltr'>Martini</span> <span class='ocrx_word' id='word_1_900' title='bbox 1776 2160 1804 2185; x_wconf 90' lang='lat' dir='ltr'>in</span> <span class='ocrx_word' id='word_1_901' title='bbox 1814 2163 1910 2190; x_wconf 67' lang='lat' dir='ltr'>mont,</span> <span class='ocrx_word' id='word_1_902' title='bbox 1921 2160 2003 2186; x_wconf 88' lang='lat' dir='ltr'>Petro</span> <span class='ocrx_word' id='word_1_903' title='bbox 2012 2168 2053 2193; x_wconf 92' lang='lat' dir='ltr'>ep.</span> <span class='ocrx_word' id='word_1_904' title='bbox 2065 2161 2123 2192; x_wconf 84' lang='lat' dir='ltr'>(seu</span> <span class='ocrx_word' id='word_1_905' title='bbox 2133 2161 2225 2194; x_wconf 87' lang='lat' dir='ltr'>potius</span> <span class='ocrx_word' id='word_1_906' title='bbox 2234 2161 2279 2192; x_wconf 84' lang='lat' dir='ltr'>el.)</span> 
     </span>
     <span class='ocr_line' id='line_1_77' title="bbox 1222 2203 2242 2235; baseline 0.002 -7"><span class='ocrx_word' id='word_1_907' title='bbox 1222 2203 1354 2229; x_wconf 88' lang='lat' dir='ltr'>Veneten.</span> <span class='ocrx_word' id='word_1_908' title='bbox 1373 2203 1442 2228; x_wconf 84' lang='lat' dir='ltr'>diac.</span> <span class='ocrx_word' id='word_1_909' title='bbox 1461 2211 1495 2229; x_wconf 87' lang='lat' dir='ltr'>ss.</span> <span class='ocrx_word' id='word_1_910' title='bbox 1514 2203 1628 2229; x_wconf 86' lang='lat' dir='ltr'>Cosmae</span> <span class='ocrx_word' id='word_1_911' title='bbox 1645 2206 1674 2229; x_wconf 91' lang='lat' dir='ltr'>et</span> <span class='ocrx_word' id='word_1_912' title='bbox 1691 2204 1771 2229; x_wconf 87' lang='lat' dir='ltr'>Dam.</span> <span class='ocrx_word' id='word_1_913' title='bbox 1807 2204 1860 2230; x_wconf 84' lang='lat' dir='ltr'>Cfr.</span> <span class='ocrx_word' id='word_1_914' title='bbox 1880 2204 1954 2229; x_wconf 92' lang='lat' dir='ltr'>Arm.</span> <span class='ocrx_word' id='word_1_915' title='bbox 1973 2204 2084 2235; x_wconf 88' lang='lat' dir='ltr'>XXXI,</span> <span class='ocrx_word' id='word_1_916' title='bbox 2103 2205 2145 2235; x_wconf 89' lang='lat'>52,</span> <span class='ocrx_word' id='word_1_917' title='bbox 2163 2204 2181 2230; x_wconf 82' lang='lat' dir='ltr'>f.</span> <span class='ocrx_word' id='word_1_918' title='bbox 2201 2206 2242 2230; x_wconf 89' lang='lat'>51.</span> 
     </span>
    </p>

    <p class='ocr_par' dir='ltr' id='par_1_26' title="bbox 1223 2247 2280 2542">
     <span class='ocr_line' id='line_1_78' title="bbox 1293 2247 2277 2281; baseline 0.002 -9"><span class='ocrx_word' id='word_1_919' title='bbox 1293 2247 1315 2279; x_wconf 81' lang='lat'>⁹)</span> <span class='ocrx_word' id='word_1_920' title='bbox 1336 2247 1497 2281; x_wconf 84' lang='lat' dir='ltr'>Resignavit</span> <span class='ocrx_word' id='word_1_921' title='bbox 1511 2248 1542 2272; x_wconf 90' lang='lat'>21</span> <span class='ocrx_word' id='word_1_922' title='bbox 1558 2247 1623 2281; x_wconf 90' lang='lat' dir='ltr'>Apr.</span> <span class='ocrx_word' id='word_1_923' title='bbox 1640 2249 1707 2274; x_wconf 90' lang='lat'>1488</span> <span class='ocrx_word' id='word_1_924' title='bbox 1721 2256 1793 2273; x_wconf 90' lang='lat' dir='ltr'>mon.</span> <span class='ocrx_word' id='word_1_925' title='bbox 1809 2257 1829 2273; x_wconf 87' lang='lat' dir='ltr'>s.</span> <span class='ocrx_word' id='word_1_926' title='bbox 1844 2248 1947 2274; x_wconf 84' lang='lat' dir='ltr'>Mariae</span> <span class='ocrx_word' id='word_1_927' title='bbox 1959 2248 1994 2273; x_wconf 91' lang='lat' dir='ltr'>de</span> <span class='ocrx_word' id='word_1_928' title='bbox 2008 2248 2152 2274; x_wconf 86' lang='lat' dir='ltr'>Alcobatia</span> <span class='ocrx_word' id='word_1_929' title='bbox 2165 2248 2197 2274; x_wconf 89' lang='grc' dir='ltr'>Ο.</span> <span class='ocrx_word' id='word_1_930' title='bbox 2212 2249 2277 2274; x_wconf 87' lang='lat' dir='ltr'>Cist.</span> 
     </span>
     <span class='ocr_line' id='line_1_79' title="bbox 1223 2291 2280 2326; baseline 0.002 -10"><span class='ocrx_word' id='word_1_931' title='bbox 1223 2291 1308 2317; x_wconf 90' lang='lat' dir='ltr'>dioec.</span> <span class='ocrx_word' id='word_1_932' title='bbox 1330 2291 1459 2317; x_wconf 86' lang='lat' dir='ltr'>Ulixbon.</span> <span class='ocrx_word' id='word_1_933' title='bbox 1491 2291 1563 2323; x_wconf 90' lang='lat' dir='ltr'>(Obl.</span> <span class='ocrx_word' id='word_1_934' title='bbox 1585 2292 1628 2322; x_wconf 84' lang='lat'>83,</span> <span class='ocrx_word' id='word_1_935' title='bbox 1651 2293 1711 2323; x_wconf 90' lang='lat'>115)</span> <span class='ocrx_word' id='word_1_936' title='bbox 1731 2295 1759 2317; x_wconf 89' lang='lat' dir='ltr'>et</span> <span class='ocrx_word' id='word_1_937' title='bbox 1779 2293 1813 2318; x_wconf 90' lang='lat'>30</span> <span class='ocrx_word' id='word_1_938' title='bbox 1832 2292 1897 2326; x_wconf 91' lang='lat' dir='ltr'>Apr.</span> <span class='ocrx_word' id='word_1_939' title='bbox 1922 2293 1988 2318; x_wconf 87' lang='lat'>1490</span> <span class='ocrx_word' id='word_1_940' title='bbox 2008 2300 2080 2318; x_wconf 89' lang='lat' dir='ltr'>mon.</span> <span class='ocrx_word' id='word_1_941' title='bbox 2102 2292 2136 2318; x_wconf 89' lang='lat' dir='ltr'>de</span> <span class='ocrx_word' id='word_1_942' title='bbox 2156 2292 2280 2318; x_wconf 84' lang='lat' dir='ltr'>Tarauca</span> 
     </span>
     <span class='ocr_line' id='line_1_80' title="bbox 1224 2335 2278 2369; baseline 0.002 -9"><span class='ocrx_word' id='word_1_943' title='bbox 1224 2335 1255 2361; x_wconf 95' lang='grc' dir='ltr'>Ο.</span> <span class='ocrx_word' id='word_1_944' title='bbox 1270 2335 1336 2361; x_wconf 85' lang='lat' dir='ltr'>Cist.</span> <span class='ocrx_word' id='word_1_945' title='bbox 1351 2335 1436 2361; x_wconf 72' lang='lat' dir='ltr'>dioec.</span> <span class='ocrx_word' id='word_1_946' title='bbox 1452 2335 1595 2361; x_wconf 87' lang='lat' dir='ltr'>Lamecen.</span> <span class='ocrx_word' id='word_1_947' title='bbox 1610 2344 1642 2361; x_wconf 88' lang='lat' dir='ltr'>ac</span> <span class='ocrx_word' id='word_1_948' title='bbox 1656 2336 1687 2361; x_wconf 90' lang='lat'>31</span> <span class='ocrx_word' id='word_1_949' title='bbox 1703 2336 1772 2369; x_wconf 87' lang='lat' dir='ltr'>Aug.</span> <span class='ocrx_word' id='word_1_950' title='bbox 1790 2337 1857 2362; x_wconf 87' lang='grc'>1496</span> <span class='ocrx_word' id='word_1_951' title='bbox 1871 2345 1943 2362; x_wconf 91' lang='lat' dir='ltr'>mon.</span> <span class='ocrx_word' id='word_1_952' title='bbox 1959 2345 1979 2361; x_wconf 90' lang='grc'>8.</span> <span class='ocrx_word' id='word_1_953' title='bbox 1994 2336 2135 2362; x_wconf 85' lang='lat' dir='ltr'>Michaelis</span> <span class='ocrx_word' id='word_1_954' title='bbox 2148 2336 2182 2362; x_wconf 90' lang='lat' dir='ltr'>de</span> <span class='ocrx_word' id='word_1_955' title='bbox 2196 2337 2278 2369; x_wconf 85' lang='lat' dir='ltr'>Fojas</span> 
     </span>
     <span class='ocr_line' id='line_1_81' title="bbox 1224 2379 2279 2406; baseline 0.001 -1"><span class='ocrx_word' id='word_1_956' title='bbox 1224 2380 1255 2406; x_wconf 94' lang='lat' dir='ltr'>O.</span> <span class='ocrx_word' id='word_1_957' title='bbox 1280 2380 1305 2405; x_wconf 91' lang='lat' dir='ltr'>S.</span> <span class='ocrx_word' id='word_1_958' title='bbox 1328 2379 1359 2404; x_wconf 92' lang='lat' dir='ltr'>B.</span> <span class='ocrx_word' id='word_1_959' title='bbox 1382 2380 1466 2405; x_wconf 86' lang='lat' dir='ltr'>dioec.</span> <span class='ocrx_word' id='word_1_960' title='bbox 1490 2379 1654 2406; x_wconf 86' lang='lat' dir='ltr'>Bracharen.</span> <span class='ocrx_word' id='word_1_961' title='bbox 1676 2388 1782 2406; x_wconf 88' lang='lat' dir='ltr'>necnon</span> <span class='ocrx_word' id='word_1_962' title='bbox 1803 2381 1834 2406; x_wconf 90' lang='lat'>21</span> <span class='ocrx_word' id='word_1_963' title='bbox 1856 2381 1927 2406; x_wconf 93' lang='lat' dir='ltr'>Nov.</span> <span class='ocrx_word' id='word_1_964' title='bbox 1952 2381 2018 2406; x_wconf 87' lang='lat'>1498</span> <span class='ocrx_word' id='word_1_965' title='bbox 2040 2389 2112 2406; x_wconf 86' lang='lat' dir='ltr'>mon.</span> <span class='ocrx_word' id='word_1_966' title='bbox 2134 2389 2154 2406; x_wconf 88' lang='lat' dir='ltr'>s.</span> <span class='ocrx_word' id='word_1_967' title='bbox 2177 2381 2279 2406; x_wconf 89' lang='lat' dir='ltr'>Mariae</span> 
     </span>
     <span class='ocr_line' id='line_1_82' title="bbox 1223 2423 2278 2456; baseline 0 -6"><span class='ocrx_word' id='word_1_968' title='bbox 1223 2425 1257 2450; x_wconf 84' lang='lat' dir='ltr'>de</span> <span class='ocrx_word' id='word_1_969' title='bbox 1273 2423 1418 2449; x_wconf 91' lang='lat' dir='ltr'>Pomberio</span> <span class='ocrx_word' id='word_1_970' title='bbox 1435 2423 1466 2449; x_wconf 95' lang='lat' dir='ltr'>O.</span> <span class='ocrx_word' id='word_1_971' title='bbox 1488 2424 1513 2450; x_wconf 89' lang='lat' dir='ltr'>S.</span> <span class='ocrx_word' id='word_1_972' title='bbox 1532 2424 1563 2449; x_wconf 92' lang='lat' dir='ltr'>B.</span> <span class='ocrx_word' id='word_1_973' title='bbox 1591 2424 1675 2450; x_wconf 91' lang='lat' dir='ltr'>dioec.</span> <span class='ocrx_word' id='word_1_974' title='bbox 1694 2424 1858 2450; x_wconf 86' lang='lat' dir='ltr'>Bracharen.</span> <span class='ocrx_word' id='word_1_975' title='bbox 1888 2424 1944 2456; x_wconf 93' lang='lat' dir='ltr'>(AC</span> <span class='ocrx_word' id='word_1_976' title='bbox 1970 2425 2074 2450; x_wconf 84' lang='lat' dir='ltr'>Camer.</span> <span class='ocrx_word' id='word_1_977' title='bbox 2102 2425 2115 2450; x_wconf 96' lang='grc' dir='ltr'>Ι</span> <span class='ocrx_word' id='word_1_978' title='bbox 2142 2425 2159 2450; x_wconf 77' lang='lat' dir='ltr'>f.</span> <span class='ocrx_word' id='word_1_979' title='bbox 2186 2426 2210 2455; x_wconf 91' lang='lat'>9,</span> <span class='ocrx_word' id='word_1_980' title='bbox 2235 2426 2278 2455; x_wconf 82' lang='lat'>49,</span> 
     </span>
     <span class='ocr_line' id='line_1_83' title="bbox 1223 2460 2278 2502; baseline 0.001 -8"><span class='ocrx_word' id='word_1_981' title='bbox 1223 2469 1276 2499; x_wconf 89' lang='lat'>69).</span> <span class='ocrx_word' id='word_1_982' title='bbox 1316 2467 1369 2493; x_wconf 83' lang='lat' dir='ltr'>Cfr.</span> <span class='ocrx_word' id='word_1_983' title='bbox 1386 2467 1469 2501; x_wconf 87' lang='lat' dir='ltr'>hujus</span> <span class='ocrx_word' id='word_1_984' title='bbox 1485 2468 1572 2501; x_wconf 86' lang='lat' dir='ltr'>partis</span> <span class='ocrx_word' id='word_1_985' title='bbox 1588 2468 1659 2502; x_wconf 87' lang='lat' dir='ltr'>App.</span> <span class='ocrx_word' id='word_1_986' title='bbox 1676 2469 1690 2494; x_wconf 93' lang='lat' dir='ltr'>I</span> <span class='ocrx_word' id='word_1_987' title='bbox 1705 2477 1744 2494; x_wconf 91' lang='lat' dir='ltr'>nr.</span> <span class='ocrx_word' id='word_1_988' title='bbox 1762 2469 1822 2499; x_wconf 88' lang='lat'>427,</span> <span class='ocrx_word' id='word_1_989' title='bbox 1838 2469 1898 2499; x_wconf 85' lang='lat'>430,</span> <span class='ocrx_word' id='word_1_990' title='bbox 1914 2469 1974 2499; x_wconf 87' lang='lat'>431,</span> <span class='ocrx_word' id='word_1_991' title='bbox 1990 2470 2050 2499; x_wconf 89' lang='lat'>493,</span> <span class='ocrx_word' id='word_1_992' title='bbox 2066 2460 2126 2499; x_wconf 72' lang='lat'>494,</span> <span class='ocrx_word' id='word_1_993' title='bbox 2142 2470 2202 2499; x_wconf 87' lang='lat'>505,</span> <span class='ocrx_word' id='word_1_994' title='bbox 2218 2470 2278 2499; x_wconf 90' lang='lat'>517,</span> 
     </span>
     <span class='ocr_line' id='line_1_84' title="bbox 1223 2512 1523 2542; baseline 0 -5"><span class='ocrx_word' id='word_1_995' title='bbox 1223 2513 1283 2542; x_wconf 85' lang='lat'>538,</span> <span class='ocrx_word' id='word_1_996' title='bbox 1303 2512 1363 2542; x_wconf 87' lang='grc'>539,</span> <span class='ocrx_word' id='word_1_997' title='bbox 1384 2513 1443 2542; x_wconf 87' lang='grc'>580,</span> <span class='ocrx_word' id='word_1_998' title='bbox 1464 2513 1523 2538; x_wconf 87' lang='grc'>640.</span> 
     </span>
    </p>

    <p class='ocr_par' dir='ltr' id='par_1_27' title="bbox 1281 2555 1652 2590">
     <span class='ocr_line' id='line_1_85' title="bbox 1281 2555 1652 2590; baseline 0.003 -9"><span class='ocrx_word' id='word_1_999' title='bbox 1281 2555 1313 2587; x_wconf 90' lang='lat'>¹⁰)</span> <span class='ocrx_word' id='word_1_1000' title='bbox 1333 2556 1386 2582; x_wconf 77' lang='lat' dir='ltr'>Cfr.</span> <span class='ocrx_word' id='word_1_1001' title='bbox 1407 2556 1478 2590; x_wconf 88' lang='lat' dir='ltr'>App.</span> <span class='ocrx_word' id='word_1_1002' title='bbox 1500 2556 1513 2581; x_wconf 90' lang='grc' dir='ltr'>Ι</span> <span class='ocrx_word' id='word_1_1003' title='bbox 1532 2565 1572 2581; x_wconf 90' lang='lat' dir='ltr'>nr.</span> <span class='ocrx_word' id='word_1_1004' title='bbox 1593 2557 1652 2582; x_wconf 88' lang='lat'>528.</span> 
     </span>
    </p>

    <p class='ocr_par' dir='ltr' id='par_1_28' title="bbox 1281 2599 2050 2634">
     <span class='ocr_line' id='line_1_86' title="bbox 1281 2599 2050 2634; baseline 0.001 -9"><span class='ocrx_word' id='word_1_1005' title='bbox 1281 2599 1313 2630; x_wconf 77' lang='grc'>11)</span> <span class='ocrx_word' id='word_1_1006' title='bbox 1333 2599 1386 2626; x_wconf 85' lang='lat' dir='ltr'>cfr.</span> <span class='ocrx_word' id='word_1_1007' title='bbox 1407 2600 1478 2634; x_wconf 85' lang='lat' dir='ltr'>App.</span> <span class='ocrx_word' id='word_1_1008' title='bbox 1498 2600 1512 2625; x_wconf 91' lang='grc' dir='ltr'>Ι</span> <span class='ocrx_word' id='word_1_1009' title='bbox 1532 2609 1571 2626; x_wconf 80' lang='lat' dir='ltr'>nr.</span> <span class='ocrx_word' id='word_1_1010' title='bbox 1592 2601 1652 2631; x_wconf 89' lang='lat'>358,</span> <span class='ocrx_word' id='word_1_1011' title='bbox 1672 2601 1732 2631; x_wconf 86' lang='lat'>361,</span> <span class='ocrx_word' id='word_1_1012' title='bbox 1752 2601 1812 2631; x_wconf 88' lang='lat'>362,</span> <span class='ocrx_word' id='word_1_1013' title='bbox 1832 2601 1892 2631; x_wconf 87' lang='lat'>364,</span> <span class='ocrx_word' id='word_1_1014' title='bbox 1911 2601 1971 2631; x_wconf 89' lang='lat'>378,</span> <span class='ocrx_word' id='word_1_1015' title='bbox 1991 2601 2050 2626; x_wconf 87' lang='lat'>392.</span> 
     </span>
    </p>

    <p class='ocr_par' dir='ltr' id='par_1_29' title="bbox 1224 2644 2279 2942">
     <span class='ocr_line' id='line_1_87' title="bbox 1286 2644 2279 2678; baseline 0.001 -9"><span class='ocrx_word' id='word_1_1016' title='bbox 1286 2644 1317 2675; x_wconf 86' lang='lat'>¹²)</span> <span class='ocrx_word' id='word_1_1017' title='bbox 1337 2644 1424 2670; x_wconf 80' lang='lat' dir='ltr'>Alias:</span> <span class='ocrx_word' id='word_1_1018' title='bbox 1450 2644 1518 2678; x_wconf 87' lang='lat' dir='ltr'>Aug.</span> <span class='ocrx_word' id='word_1_1019' title='bbox 1547 2645 1586 2670; x_wconf 89' lang='lat'>10.</span> <span class='ocrx_word' id='word_1_1020' title='bbox 1612 2645 1663 2670; x_wconf 91' lang='lat' dir='ltr'>Die</span> <span class='ocrx_word' id='word_1_1021' title='bbox 1676 2645 1710 2670; x_wconf 90' lang='grc'>24</span> <span class='ocrx_word' id='word_1_1022' title='bbox 1733 2645 1796 2671; x_wconf 84' lang='lat' dir='ltr'>Jan.</span> <span class='ocrx_word' id='word_1_1023' title='bbox 1819 2646 1885 2671; x_wconf 89' lang='lat'>1477</span> <span class='ocrx_word' id='word_1_1024' title='bbox 1905 2645 2054 2678; x_wconf 83' lang='lat' dir='ltr'>resignavit</span> <span class='ocrx_word' id='word_1_1025' title='bbox 2076 2653 2148 2670; x_wconf 91' lang='lat' dir='ltr'>mon.</span> <span class='ocrx_word' id='word_1_1026' title='bbox 2166 2653 2186 2670; x_wconf 85' lang='grc'>8.</span> <span class='ocrx_word' id='word_1_1027' title='bbox 2205 2645 2279 2670; x_wconf 87' lang='lat' dir='ltr'>Petri</span> 
     </span>
     <span class='ocr_line' id='line_1_88' title="bbox 1224 2688 2278 2722; baseline 0 -8"><span class='ocrx_word' id='word_1_1028' title='bbox 1224 2689 1258 2714; x_wconf 88' lang='lat' dir='ltr'>de</span> <span class='ocrx_word' id='word_1_1029' title='bbox 1271 2688 1384 2714; x_wconf 82' lang='lat' dir='ltr'>Lessato</span> <span class='ocrx_word' id='word_1_1030' title='bbox 1402 2688 1433 2714; x_wconf 89' lang='lat' dir='ltr'>O.</span> <span class='ocrx_word' id='word_1_1031' title='bbox 1450 2688 1527 2714; x_wconf 90' lang='lat' dir='ltr'>Clun.</span> <span class='ocrx_word' id='word_1_1032' title='bbox 1554 2688 1639 2714; x_wconf 89' lang='lat' dir='ltr'>dioec.</span> <span class='ocrx_word' id='word_1_1033' title='bbox 1661 2689 1770 2719; x_wconf 86' lang='lat' dir='ltr'>Riven.‚</span> <span class='ocrx_word' id='word_1_1034' title='bbox 1790 2697 1888 2714; x_wconf 87' lang='lat' dir='ltr'>reserv.</span> <span class='ocrx_word' id='word_1_1035' title='bbox 1910 2697 2002 2714; x_wconf 85' lang='lat' dir='ltr'>annua</span> <span class='ocrx_word' id='word_1_1036' title='bbox 2022 2697 2095 2722; x_wconf 84' lang='lat' dir='ltr'>pens.</span> <span class='ocrx_word' id='word_1_1037' title='bbox 2117 2689 2168 2714; x_wconf 89' lang='lat'>200</span> <span class='ocrx_word' id='word_1_1038' title='bbox 2188 2689 2226 2719; x_wconf 65' lang='lat' dir='ltr'>fl„</span> <span class='ocrx_word' id='word_1_1039' title='bbox 2247 2698 2278 2714; x_wconf 90' lang='lat' dir='ltr'>ac</span> 
     </span>
     <span class='ocr_line' id='line_1_89' title="bbox 1227 2732 2276 2766; baseline 0 -8"><span class='ocrx_word' id='word_1_1040' title='bbox 1227 2734 1258 2758; x_wconf 90' lang='grc'>16</span> <span class='ocrx_word' id='word_1_1041' title='bbox 1279 2732 1354 2766; x_wconf 87' lang='lat' dir='ltr'>Sept.</span> <span class='ocrx_word' id='word_1_1042' title='bbox 1378 2733 1444 2758; x_wconf 89' lang='lat'>1485</span> <span class='ocrx_word' id='word_1_1043' title='bbox 1463 2741 1536 2758; x_wconf 91' lang='lat' dir='ltr'>mon.</span> <span class='ocrx_word' id='word_1_1044' title='bbox 1557 2741 1578 2758; x_wconf 89' lang='grc'>8.</span> <span class='ocrx_word' id='word_1_1045' title='bbox 1598 2733 1693 2759; x_wconf 85' lang='lat' dir='ltr'>Savini</span> <span class='ocrx_word' id='word_1_1046' title='bbox 1710 2733 1741 2759; x_wconf 96' lang='lat' dir='ltr'>O.</span> <span class='ocrx_word' id='word_1_1047' title='bbox 1762 2733 1788 2759; x_wconf 89' lang='lat' dir='ltr'>S.</span> <span class='ocrx_word' id='word_1_1048' title='bbox 1807 2733 1838 2758; x_wconf 92' lang='lat' dir='ltr'>B.</span> <span class='ocrx_word' id='word_1_1049' title='bbox 1857 2733 1941 2758; x_wconf 87' lang='lat' dir='ltr'>dioec.</span> <span class='ocrx_word' id='word_1_1050' title='bbox 1960 2733 2086 2758; x_wconf 76' lang='lat' dir='ltr'>Tarvien.</span> <span class='ocrx_word' id='word_1_1051' title='bbox 2116 2732 2188 2764; x_wconf 89' lang='lat' dir='ltr'>(Obl.</span> <span class='ocrx_word' id='word_1_1052' title='bbox 2207 2734 2241 2758; x_wconf 88' lang='lat'>83</span> <span class='ocrx_word' id='word_1_1053' title='bbox 2258 2733 2276 2758; x_wconf 78' lang='lat' dir='ltr'>f.</span> 
     </span>
     <span class='ocr_line' id='line_1_90' title="bbox 1225 2777 2276 2810; baseline 0 -8"><span class='ocrx_word' id='word_1_1054' title='bbox 1225 2777 1267 2807; x_wconf 88' lang='grc'>27,</span> <span class='ocrx_word' id='word_1_1055' title='bbox 1285 2777 1327 2807; x_wconf 85' lang='grc'>46,</span> <span class='ocrx_word' id='word_1_1056' title='bbox 1345 2777 1403 2808; x_wconf 89' lang='grc'>98);</span> <span class='ocrx_word' id='word_1_1057' title='bbox 1428 2785 1475 2810; x_wconf 88' lang='lat' dir='ltr'>per</span> <span class='ocrx_word' id='word_1_1058' title='bbox 1491 2777 1550 2809; x_wconf 85' lang='lat' dir='ltr'>ejus</span> <span class='ocrx_word' id='word_1_1059' title='bbox 1567 2777 1675 2802; x_wconf 88' lang='lat' dir='ltr'>obitum</span> <span class='ocrx_word' id='word_1_1060' title='bbox 1693 2777 1813 2803; x_wconf 86' lang='lat' dir='ltr'>vacabat</span> <span class='ocrx_word' id='word_1_1061' title='bbox 1832 2785 1904 2802; x_wconf 87' lang='lat' dir='ltr'>mon.</span> <span class='ocrx_word' id='word_1_1062' title='bbox 1925 2785 1944 2802; x_wconf 90' lang='lat' dir='ltr'>s.</span> <span class='ocrx_word' id='word_1_1063' title='bbox 1965 2777 2065 2802; x_wconf 88' lang='lat' dir='ltr'>Melani</span> <span class='ocrx_word' id='word_1_1064' title='bbox 2084 2777 2224 2802; x_wconf 84' lang='lat' dir='ltr'>Redonen.</span> <span class='ocrx_word' id='word_1_1065' title='bbox 2245 2777 2276 2803; x_wconf 94' lang='lat' dir='ltr'>O.</span> 
     </span>
     <span class='ocr_line' id='line_1_91' title="bbox 1227 2820 2276 2855; baseline -0.001 -8"><span class='ocrx_word' id='word_1_1066' title='bbox 1227 2821 1252 2847; x_wconf 89' lang='lat' dir='ltr'>S.</span> <span class='ocrx_word' id='word_1_1067' title='bbox 1274 2820 1316 2851; x_wconf 65' lang='lat' dir='ltr'>B„</span> <span class='ocrx_word' id='word_1_1068' title='bbox 1335 2820 1409 2854; x_wconf 91' lang='lat' dir='ltr'>quod</span> <span class='ocrx_word' id='word_1_1069' title='bbox 1428 2821 1462 2846; x_wconf 91' lang='lat'>29</span> <span class='ocrx_word' id='word_1_1070' title='bbox 1480 2821 1549 2855; x_wconf 86' lang='lat' dir='ltr'>Aug.</span> <span class='ocrx_word' id='word_1_1071' title='bbox 1566 2822 1632 2846; x_wconf 90' lang='lat'>1490</span> <span class='ocrx_word' id='word_1_1072' title='bbox 1649 2821 1830 2847; x_wconf 88' lang='lat' dir='ltr'>Antoniottus</span> <span class='ocrx_word' id='word_1_1073' title='bbox 1843 2821 1915 2846; x_wconf 86' lang='lat' dir='ltr'>card.</span> <span class='ocrx_word' id='word_1_1074' title='bbox 1934 2829 1954 2846; x_wconf 90' lang='lat' dir='ltr'>s.</span> <span class='ocrx_word' id='word_1_1075' title='bbox 1966 2821 2168 2846; x_wconf 84' lang='lat' dir='ltr'>Anastasiaein</span> <span class='ocrx_word' id='word_1_1076' title='bbox 2179 2829 2276 2846; x_wconf 86' lang='lat' dir='ltr'>comm.</span> 
     </span>
     <span class='ocr_line' id='line_1_92' title="bbox 1225 2864 2279 2898; baseline 0 -8"><span class='ocrx_word' id='word_1_1077' title='bbox 1225 2865 1354 2890; x_wconf 89' lang='lat' dir='ltr'>obtinuit.</span> <span class='ocrx_word' id='word_1_1078' title='bbox 1377 2864 1434 2896; x_wconf 91' lang='lat' dir='ltr'>(AC</span> <span class='ocrx_word' id='word_1_1079' title='bbox 1454 2865 1575 2891; x_wconf 87' lang='lat' dir='ltr'>CamerI</span> <span class='ocrx_word' id='word_1_1080' title='bbox 1588 2865 1606 2890; x_wconf 82' lang='lat' dir='ltr'>f.</span> <span class='ocrx_word' id='word_1_1081' title='bbox 1630 2866 1680 2896; x_wconf 94' lang='lat'>11).</span> <span class='ocrx_word' id='word_1_1082' title='bbox 1716 2865 1769 2891; x_wconf 81' lang='lat' dir='ltr'>Cfr.</span> <span class='ocrx_word' id='word_1_1083' title='bbox 1790 2865 1860 2898; x_wconf 92' lang='lat' dir='ltr'>App.</span> <span class='ocrx_word' id='word_1_1084' title='bbox 1881 2865 1895 2890; x_wconf 94' lang='lat' dir='ltr'>I</span> <span class='ocrx_word' id='word_1_1085' title='bbox 1914 2873 1954 2890; x_wconf 89' lang='lat' dir='ltr'>nr.</span> <span class='ocrx_word' id='word_1_1086' title='bbox 1975 2865 2035 2895; x_wconf 85' lang='lat'>524,</span> <span class='ocrx_word' id='word_1_1087' title='bbox 2055 2865 2115 2895; x_wconf 89' lang='lat'>526,</span> <span class='ocrx_word' id='word_1_1088' title='bbox 2135 2865 2195 2895; x_wconf 89' lang='lat'>530,</span> <span class='ocrx_word' id='word_1_1089' title='bbox 2215 2866 2279 2896; x_wconf 87' lang='lat'>535;</span> 
     </span>
     <span class='ocr_line' id='line_1_93' title="bbox 1225 2908 1903 2942; baseline 0 -8"><span class='ocrx_word' id='word_1_1090' title='bbox 1225 2909 1281 2934; x_wconf 92' lang='lat' dir='ltr'>hib.</span> <span class='ocrx_word' id='word_1_1091' title='bbox 1302 2908 1331 2934; x_wconf 95' lang='lat' dir='ltr'>II</span> <span class='ocrx_word' id='word_1_1092' title='bbox 1350 2917 1370 2934; x_wconf 89' lang='lat' dir='ltr'>s.</span> <span class='ocrx_word' id='word_1_1093' title='bbox 1391 2917 1417 2934; x_wconf 93' lang='lat' dir='ltr'>v.</span> <span class='ocrx_word' id='word_1_1094' title='bbox 1438 2909 1568 2939; x_wconf 89' lang='lat' dir='ltr'>Aduren.‚</span> <span class='ocrx_word' id='word_1_1095' title='bbox 1589 2909 1732 2942; x_wconf 85' lang='lat' dir='ltr'>Bajonen.‚</span> <span class='ocrx_word' id='word_1_1096' title='bbox 1753 2909 1903 2934; x_wconf 86' lang='lat' dir='ltr'>Milevitan.</span> 
     </span>
    </p>
   </div>
   <div class='ocr_carea' id='block_1_18' title="bbox 2070 2958 2089 2989">
    <p class='ocr_par' dir='ltr' id='par_1_30' title="bbox 2070 2958 2089 2989">
     <span class='ocr_line' id='line_1_94' title="bbox 2070 2958 2089 2989; baseline 0 0"><span class='ocrx_word' id='word_1_1097' title='bbox 2070 2958 2089 2989; x_wconf 86' lang='lat'>3</span> 
     </span>
    </p>
   </div>
  </div>
 </body>
</html>
