2436 3328
449 156 646 195 Petenen„
671 158 967 202 Petragoricen„
992 158 1169 196 Pharon..
1193 158 1515 203 Philadelphien„
1540 159 1759 203 Philippen.
2152 163 2217 195 215

67 284 105 310 3?
149 275 180 290 m
449 259 586 291 Jacobus
609 259 649 290 de
674 260 886 302 Krainburga,
912 261 944 292 in
969 254 1080 292 niinor.
1106 261 1234 301 const.³)
1402 261 1478 292 1457
1501 261 1575 293 Feb.
1598 262 1618 292 4
1691 262 1760 294 Obl.
1784 263 1832 301 72,
1856 263 1894 294 75

70 312 186 360 [fibi
447 312 606 344 conradus
625 313 838 351 Arenstainer,
868 325 1010 355 praepoe.
1030 325 1114 345 mon.
1140 325 1164 345 s.
1190 314 1359 354 Andreae‘)
1403 315 1476 346 1461
1500 315 1575 346 Dec.
1598 316 1617 346 2
1693 316 1812 348 Schede
1833 316 1865 347 di
1889 316 2060 358 Garamopi

103 371 120 375 ”
159 380 162 384 ·
197 365 203 372 '
446 366 591 402 MichaeL
617 377 760 407 praepos.
787 366 860 398 eccl.
887 378 911 398 s.
938 367 1055 398 Mariae
1081 367 1359 407 Novaeoivitatis5)
1402 369 1479 398 1465
1503 368 1591 399 Junii
1612 368 1630 399 7
1691 369 1782 400 Pauli
1802 369 1835 400 II
1855 381 1882 400 a.
1906 371 1918 400 1
1940 370 2011 401 Lat.
2031 370 2050 401 l.
2071 381 2116 412 pr.
2137 370 2158 402 f.
2177 371 2218 401 60

121 443 128 453 .
149 418 287 461 episcopi

60 475 103 521 {³³
135 471 232 511 ;ι,·,;”)

63 523 90 561 ,ἦ

447 419 611 450 Paseasius
635 419 769 450 Joannis

449 471 599 507 Georgius
620 472 807 513 Manninger
829 472 880 512 (de
902 472 1090 514 Kirchberg)
1103 473 1128 513 ⁶)

1403 421 1479 452 1478
1501 422 1575 463 Apr.
1601 423 1638 452 15

1403 475 1477 505 1491
1503 475 1576 506 Jan.
1599 476 1635 506 31

1692 422 1762 454 Obl.
1785 424 1833 460 83,
1856 424 1895 453 53

1694 475 1744 506 AC
1766 476 1885 507 Camer.
1910 476 1935 514 Ι,
1961 478 1996 507 13

439 598 745 643 Petra-guricon.
777 599 1021 643 (Perigueux)
1045 600 1078 631 in
1104 600 1220 641 Gallia,
1244 602 1335 634 suffr.
1360 602 1577 643 Burdegalen.
1603 604 1704 643 (2500
1726 604 1774 644 ss.)

60 678 95 744 ξ
110 705 123 719 ,ι
142 691 253 733 gerii
277 691 316 722 de
340 692 415 733 Arp.
447 692 533 724 Elias
556 692 595 723 de
620 692 778 730 Bordeilla
803 692 1022 732 (Bourdeilles)
1049 693 1085 725 Ο.
1111 694 1214 734 Min.¹)
1404 694 1480 726 1437
1503 695 1584 726 Νον.
1610 697 1647 726 18
1693 696 1762 728 Obl.
1786 698 1834 734 66,
1857 698 1896 728 38

59 750 91 769 21³
129 744 172 776 ad
193 744 336 784 Turon.²)
447 746 602 777 Radulius
629 745 686 785 (du
712 745 824 785 Faou),
851 745 951 776 abbas
977 757 1061 777 mon.
1089 757 1112 777 s.
1141 747 1323 778 Theoderici
1336 747 1361 787 ³)
1405 749 1481 778 1468
1505 748 1593 779 Junii
1614 750 1633 779 8
1693 749 1762 781 Obl.
1785 751 1834 787 83,
1860 751 1896 780 10

112 812 137 830 ·.
154 797 196 829 ad
213 797 384 839 Engolism.
450 799 618 830 Gauii-idus
642 798 681 829 de
706 798 919 839 Pompadour,
944 810 992 840 ep.
1020 799 1231 840 Engolismen.
1405 801 1482 832 1470
1505 801 1582 832 Julii
1603 803 1621 832 6
1695 803 1813 834 Schede
1835 803 1867 834 di
1891 803 2041 845 Garampi

63 849 155 897 {2⁴¹·¹²f·
176 850 218 882 ad
239 850 380 882 Anicien.
451 852 575 883 Gabriel
597 851 653 891 (du
674 851 766 890 Mas),
789 862 838 892 ep.
861 851 1058 893 Mirapisoen.
1405 855 1481 884 1486
1506 855 1599 886 Mart.
1629 856 1664 886 15
1693 856 1762 887 Obl.
1786 857 1834 893 83,
1860 857 1910 887 101

56 907 93 932 ἶ’.ἓ
108 903 225 936 brielis
406 907 408 910 ’
451 905 619 936 Gauffldus
643 904 683 935 de
709 904 930 946 Pompadori0‚
958 909 1118 946 protonot.
1146 906 1276 947 apostst)
1404 908 1482 938 1500
1505 908 1582 939 Julii
1603 909 1643 938 20
1694 909 1744 940 AC
1766 909 1886 940 Camer.
1910 910 1936 947 Ι,
1958 910 1996 941 87

312 1030 485 1066 Pharon.
514 1031 649 1073 (Hvar)
674 1042 732 1064 seu
756 1031 939 1067 Lesinen.
965 1032 1138 1074 (Lesina)
1163 1034 1198 1065 in
1222 1035 1395 1074 Dalmatia,
1421 1035 1511 1067 suffr.
1537 1036 1703 1078 Spalaten.
1730 1037 1829 1078 (33¹s'3
1852 1036 1901 1078 ss.)

85 1122 224 1156 'rhomae
247 1125 337 1163 1463)

449 1124 596 1156 Nicolaus
627 1124 678 1163 (de
708 1124 869 1162 Crucibus,
900 1136 948 1166 ep.
979 1125 1142 1167 Clugien.),
1173 1126 1251 1158 solv.
1282 1138 1362 1158 serv.
1407 1128 1483 1158 1463
1505 1128 1579 1159 Feb.
1605 1130 1642 1159 10
1695 1129 1764 1160 Obl.
1788 1129 1836 1166 79,
1859 1131 1898 1160 44

58 1175 194 1219 '‘Nicolai
449 1177 636 1209 Laurentius
645 1177 816 1214 Michaelis,
828 1178 928 1209 abbas
939 1189 979 1209 m.
991 1189 1030 1210 ss.
1043 1179 1122 1210 Phil.
1135 1184 1167 1210 et
1179 1180 1248 1211 Jac.
1260 1180 1372 1211 Venet.
1406 1180 1482 1212 1473
1504 1181 1586 1212 Nov.
1609 1183 1648 1212 26
1695 1182 1764 1214 Obl.
1787 1184 1835 1220 83,
1859 1183 1898 1213 30

45 1223 233 1269 ¹[Laurentii
449 1231 660 1266 Hieronymus
681 1230 819 1270 (meda),
839 1242 946 1272 praep.
967 1232 1040 1263 eccl.
1062 1232 1092 1264 b.
1114 1233 1231 1264 Mariae
1250 1233 1354 1274 maj.¹)
1407 1235 1483 1264 1486
1507 1234 1593 1275 Sept.
1619 1237 1631 1265 1
1695 1235 1764 1266 Obl.
1787 1237 1836 1273 83,
1862 1236 1918 1266 104

40 1281 228 1325 jjfflieron.)
449 1284 661 1316 Bernardinus
684 1283 724 1315 de
748 1283 854 1315 Fabiis
879 1285 921 1324 (u.
947 1285 987 1315 ad
1012 1296 1040 1316 a.
1069 1286 1158 1325 1509)
1406 1288 1482 1318 1492
1505 1288 1579 1329 Apr.
1605 1290 1638 1318 11
1694 1289 1746 1320 AC
1768 1289 1888 1320 Camer.
1912 1289 1937 1326 I,
1960 1291 1999 1320 22

51 1460 54 1461 ⁷
525 1411 850 1454 Philadelphien.
875 1412 1179 1457 (Philadelphia)
1204 1414 1236 1446 in
1262 1415 1384 1447 Arabia
1407 1415 1459 1447 vel
1483 1416 1619 1454 Isauria,
1642 1417 1690 1449 tit.

51 1519 79 1532 τι
105 1504 200 1536 modo

38 1540 46 1550 s
450 1505 605 1537 Henricus
628 1505 722 1537 Potin
747 1505 783 1537 Ο.
807 1506 921 1544 Carm„
946 1517 1027 1548 mag.
1052 1507 1147 1538 theol.
1388 1501 1487 1608 '1480
1507 1507 1582 1539 Dec.
1608 1510 1641 1538 11
1699 1508 1778 1540 Sixt.
1800 1508 1845 1540 IV
1863 1509 1934 1540 Lat.
1955 1520 1982 1540 a.
2006 1509 2080 1541 101.
2103 1511 2116 1540 1
2139 1509 2159 1541 f.
2180 1511 2219 1541 53

60 1566 79 1585 ’ν-
105 1557 200 1589 modo
454 1558 626 1590 Guilelmus
650 1558 689 1589 de
716 1558 905 1590 Gabarrario
931 1560 967 1591 O.
993 1560 1107 1595 Carm.,
1133 1571 1214 1601 mag.
1241 1560 1364 1599 theol.¹)
1409 1561 1486 1591 1488
1507 1561 1582 1602 Apr.
1608 1562 1644 1592 18
1697 1562 1861 1593 Inn.VIII
1874 1562 1945 1593 Lat.
1959 1562 2051 1594 a.41.
2065 1573 2111 1604 pr.
2125 1562 2146 1594 f.
2160 1563 2220 1594 278

42 1711 61 1740 '.⁴
641 1695 873 1739 Philippen.
898 1696 1094 1740 (Philippi)
1119 1697 1154 1728 in
1178 1698 1325 1738 Graecia,
1349 1700 1500 1739 metrop„
1523 1699 1572 1730 tit.

39 1774 203 1820 sunberti
450 1789 567 1820 Paulus
592 1789 643 1828 (de
667 1800 691 1821 s.
717 1790 840 1830 Maria),
866 1801 914 1831 ep.
941 1790 1075 1831 Burgen.
1407 1791 1483 1821 1435
1507 1791 1583 1822 Julii
1606 1792 1623 1821 6
1695 1791 1763 1823 Obl.
1787 1794 1835 1829 (56,
1859 1793 1898 1822 20

41 1859 411 1873 .........
452 1842 589 1874 Jacobus
613 1842 664 1882 (de
687 1854 711 1874 s.
736 1843 834 1874 Lucia
858 1843 893 1874 O.
918 1843 1019 1882 Min),
1043 1843 1136 1874 simul
1159 1854 1207 1884 ep.
1233 1843 1361 1874 Pacten.
1407 1844 1484 1874 1480
1507 1844 1583 1875 Julii
1605 1844 1623 1875 7
1695 1845 1763 1876 Obl.
1787 1846 1835 1882 83,
1859 1847 1897 1875 68

464 1978 827 2022 Philippopolitan.
856 1978 1169 2023 (Philippopolis)
1194 1980 1227 2012 in
1252 1980 1346 2021 Syria
1369 1981 1420 2011 vel
1445 1980 1567 2016 Arabia
1590 1980 1676 2020 maj„
1701 1981 1748 2012 tit.

38 2090 56 2104 s.
91 2096 411 2103 ........
448 2072 624 2104 Richardus
649 2072 760 2113 Legati
787 2072 824 2104 Ο.
850 2073 925 2104 Min,
953 2084 1043 2104 conv.
1071 2073 1275 2112 Lausanen.¹)
1405 2073 1481 2102 1439
1502 2072 1596 2103 Mart.
1625 2073 1665 2102 20
1693 2073 1762 2104 Obl.
1786 2076 1834 2109 (56,
1857 2074 1895 2103 45

46 2148 411 2156 .........
450 2126 590 2157 Joannes
612 2125 648 2157 Ο.
672 2125 776 2164 Min.²)
1405 2126 1478 2155 1441
1505 2125 1581 2156 Julii
1603 2127 1642 2156 28
1693 2125 1762 2157 Obl.
1786 2128 1833 2163 66,
1857 2127 1895 2156 56

46 2201 411 2210 .........
450 2179 589 2211 Joannes
622 2178 674 2218 (de
706 2178 872 2218 Piscibus),
906 2190 954 2220 ep.
988 2179 1174 2211 Cathanien.
1208 2178 1361 2218 amotus3)
1405 2178 1480 2209 1447
1503 2178 1577 2209 Feb.
1601 2180 1618 2209 3
1693 2179 1761 2210 Obl.
1786 2179 1834 2216 72,
1860 2179 1894 2210 17

25 2374 28 2393 t
464 2355 592 2383 Puteum.
1228 2355 1249 2387 ²)
1269 2355 1364 2381 Adiac.
1384 2355 1518 2381 Sarlaten.
1536 2355 1565 2379 in
1580 2354 1644 2380 eccl.
1662 2354 1802 2388 Petragor.
1831 2354 1883 2380 Die
1900 2355 1931 2380 21
1951 2355 2006 2381 Jul.
2027 2356 2093 2381 1503
2112 2355 2215 2381 Joanni

33 2398 36 2403 ’
66 2397 90 2432 ⁸)
108 2398 288 2426 Desideratur
305 2399 381 2433 apud
398 2399 480 2425 Gams
498 2408 525 2433 p.
545 2399 604 2425 802.
1157 2400 1192 2426 de
1206 2400 1344 2426 Bordeilla
1358 2407 1456 2425 reserv.
1472 2407 1564 2424 annua
1578 2399 1672 2432 pensio
1687 2399 1738 2425 700
1751 2398 1811 2424 libr.
1827 2398 1891 2424 Tur.
1906 2407 1988 2432 super
2001 2399 2136 2425 fructibus
2149 2399 2212 2425 eccl.

67 2441 90 2476 ⁸)
107 2442 200 2470 Dione.
215 2443 360 2470 Patavien.
387 2443 534 2470 Liberatur
546 2452 563 2469 a
575 2444 643 2470 solv.
658 2452 727 2470 serv.
743 2452 841 2470 comm.
859 2444 925 2470 1463
940 2444 959 2471 J
961 2452 1006 2470 un.
1024 2445 1054 2471 17
1159 2445 1267 2478 Petrag.
1283 2444 1317 2470 de
1331 2452 1465 2469 consensu
1479 2443 1530 2476 epi.
1546 2443 1653 2476 Petrag.
1669 2451 1703 2468 ex
1717 2451 1799 2469 causa
1813 2442 1974 2469 concordiae
1987 2443 2059 2469 inter
2071 2452 2117 2469 eos
2130 2444 2215 2469 initae

22 2491 47 2509 ¹¹³«
91 2487 135 2519 79,
153 2488 208 2520 63).
1162 2488 1219 2521 (AC
1238 2488 1342 2514 Camer.
1364 2488 1387 2518 Ι,
1409 2488 1462 2519 87).
1501 2487 1550 2513 Ille
1575 2487 1669 2513 Gaufr.
1693 2487 1709 2521 †
1735 2488 1809 2513 1511.

36 2530 90 2573 ζμ.)
107 2531 200 2559 Dioec.
222 2532 378 2566 Salzeburg.
1629 2532 1744 2559 Pharon.

25 2581 53 2609 'j
67 2572 93 2608 ⁸)
118 2575 180 2608 Quo
201 2576 334 2603 defuncto
355 2577 399 2603 vel
418 2577 516 2611 resign.
534 2577 657 2603 succedit
678 2578 743 2603 1501
768 2578 921 2605 Ludovicuu
943 2577 977 2603 de
999 2577 1055 2603 Ru·
1231 2577 1251 2609 ¹)
1270 2577 1369 2602 Terrae
1388 2575 1559 2602 Mirandulae
1577 2575 1661 2601 dioec.
1684 2575 1789 2609 Regin„
1809 2575 1929 2601 clericus.

18 2619 19 2622 ’
36 2615 49 2621 ‘¹
98 2623 129 2647 e't
149 2621 233 2655 paulo
253 2623 318 2655 post.
340 2621 472 2653 Georgius
494 2621 529 2647 de
551 2621 699 2648 Slateonia..
730 2621 784 2648 Cfr.
805 2624 825 2647 t.
846 2621 891 2647 III
912 2630 973 2655 pag.
995 2622 1054 2647 290.
1581 2621 1792 2651 Philadelphion.

25 2679 41 2692 >-
429 2666 627 2697 Petneoeieen.
1231 2665 1251 2697 ¹)
1271 2665 1321 2691 Cui
1339 2664 1450 2690 conced.
1471 2664 1522 2690 fae.
1543 2672 1629 2690 exere.
1651 2664 1748 2698 pontif.
1769 2664 1797 2689 in
1816 2664 1868 2690 civ.
1888 2667 1917 2690 et
1935 2664 2020 2690 dioec.
2041 2665 2159 2690 Aduren.

25 2700 34 2738 ζ’
69 2707 92 2741 ¹)
109 2708 191 2735 Boeo.
214 2710 242 2735 in
263 2709 357 2740 theol..
378 2709 432 2735 def.
456 2713 510 2736 aet.
533 2711 549 2736 3
570 2718 634 2736 ann.
658 2710 774 2744 patiens.
1571 2709 1806 2739 Philippopolim.

31 2786 34 2788 .
69 2752 92 2786 ⁸)
110 2752 188 2794 Jnoer
201 2762 265 2779 eum
280 2756 309 2779 et
324 2753 395 2779 ΒΜΔ.
411 2754 487 2788 apud
500 2754 582 2780 Gam
597 2763 622 2788 p.
639 2755 691 2780 598
706 2757 881 2780 recensentur
895 2754 931 2780 ad
946 2763 970 2780 a.
990 2755 1055 2781 1437
1231 2754 1252 2786 l)
1271 2754 1321 2780 Cui
1344 2753 1454 2779 conced.
1479 2752 1530 2778 fec.
1555 2761 1642 2778 exerc.
1666 2752 1764 2786 pontif.
1788 2753 1816 2778 in
1840 2753 1892 2778 civ.
1917 2755 1945 2778 et
1967 2753 2052 2779 dioec.
2078 2753 2212 2779 Sedunen.

42 2813 44 2817 ν
66 2817 69 2819 μ
91 2797 128 2824 ad
137 2805 162 2823 a..
174 2798 242 2824 1438
251 2798 350 2823 Petrus
357 2797 393 2824 de
401 2798 544 2824 Duroforti
554 2799 586 2825 Ο.
597 2798 704 2829 Ρτωοά.,
715 2799 750 2824 ad
760 2808 784 2824 a.
798 2799 864 2824 1440
874 2798 1056 2829 Raimundus‚
1160 2813 1194 2817 -—
1208 2798 1243 2824 M.
1261 2798 1336 2832 Sept.
1355 2798 1422 2824 1439
1436 2805 1484 2831 per
1497 2797 1641 2823 concilium
1656 2796 1738 2822 Basil.
1755 2797 1895 2830 provisum
1909 2799 1951 2823 est
1964 2796 2091 2823 ecclesiae
2106 2797 2213 2828 „Philo-

23 2837 169 2874 ,vt-'1441
194 2841 366 2868 Godetredus
387 2841 511 2877 Bereng.‚
533 2843 568 2868 ad
590 2852 614 2869 a.
640 2844 706 2870 1447
729 2843 803 2868 Elias
824 2842 858 2868 de
880 2843 1054 2868 Bourdeilles.
1162 2842 1295 2877 politan.“
1314 2842 1349 2868 de
1368 2850 1484 2875 persona
1505 2841 1614 2867 Geraldi
1633 2841 1664 2867 Ο.
1685 2841 1749 2866 Min.

41 2897 46 2902 ³
66 2884 92 2918 ⁸)
109 2885 142 2912 Ο.
157 2885 184 2912 S.
198 2885 230 2912 B.
243 2886 329 2912 dioec.
343 2886 456 2912 Remea.
485 2887 566 2918 Quod
578 2895 651 2913 mon.
665 2887 773 2913 obtinet
786 2888 812 2912 in
825 2895 923 2912 comm.
938 2895 1056 2912 unacum
1110 2913 1112 2926 x
1231 2887 1252 2919 ²)
1271 2887 1321 2913 Oui
1344 2885 1454 2912 conced.
1479 2885 1530 2911 fac.
1554 2894 1640 2911 exerc.
1666 2885 1763 2918 pontif.
1787 2885 1815 2910 in
1838 2885 1890 2911 civ.
1917 2888 1946 2911 et
1961 2885 2046 2911 dioec.
2064 2886 2213 2911 Eboracen.

31 2947 57 2963 ..¹
71 2931 73 2933 '
86 2929 132 2962 gde
152 2929 296 2956 Nobilinco
318 2930 350 2956 O.
376 2930 402 2957 S.
428 2931 458 2956 B.
482 2931 567 2957 dioec.
592 2932 732 2957 Pietaven.
1110 2929 1112 2936 ⁸
1230 2931 1252 2963 ³)
1273 2931 1384 2957 Reserv.
1404 2931 1429 2956 ei
1448 2938 1540 2956 annua
1559 2938 1633 2963 pens.
1654 2930 1706 2955 200
1724 2929 1751 2954 ss.
