2436 3328
862 177 1094 213 cardinales
1117 176 1193 211 sub
1216 175 1339 211 Paulo
1361 175 1399 210 11
2197 179 2235 210 15

33 288 67 328 5)
85 286 211 319 Inous
226 285 358 320 Bubus,
376 294 484 324 nepos,
503 293 553 324 ep.
572 282 740 319 vicentin„
759 281 832 313 dein
851 284 933 322 patr.
953 280 1136 322 Aquilegen.
1163 294 1196 305 =
1221 279 1271 310 tit.
1291 289 1316 310 s.
1335 278 1443 315 Marci,
1462 278 1535 309 dein
1555 278 1647 317 (1478
1666 279 1747 310 Νον.
1767 280 1798 318 6)
1818 290 1866 320 ep.
1886 280 2080 311 Praenestin.
2113 281 2235 320 (Vicen-

212 338 299 370 tinus
322 347 377 368 seu
401 335 629 378 Aquilegiensis
653 334 704 366 vel
727 333 913 365 Patriarcha
936 344 992 365 seu
1015 344 1039 364 s.
1064 332 1187 372 Marci),
1212 332 1232 372 †
1258 332 1332 363 1491
1358 331 1452 362 Mart.
1480 332 1514 362 11
1525 331 1558 370 1;)

217 442 490 484 (Andegavensis),
512 442 532 482 †
555 442 631 472 1491
655 440 725 472 Oct.
748 441 781 477 5;
795 439 820 479 ²)

217 550 326 589 v‘inc.)‚
348 548 421 580 dein
446 548 555 579 Sixtus
576 558 629 589 pp.
652 546 712 583 IV;
725 545 751 585 ⁸)

0 427 2 429 ,
10 389 69 458 53)
89 392 228 425 'omnes
247 391 357 426 Balne,
379 400 428 431 ep.
450 388 654 430 Andegaven.
681 402 713 413 =
738 387 788 418 tit.
811 397 835 418 0.
861 386 1033 423 Susannae,
1055 385 1128 417 dein
1153 386 1244 425 (1483
1268 384 1341 416 Jan.
1365 385 1416 424 31)
1439 394 1487 425 ep.
1511 384 1665 415 Albanen.
1689 388 1722 416 et
1744 386 1833 424 (1491
1853 385 1946 417 Mart.
1969 387 2017 426 14)
2040 387 2234 420 Praenestin

39 499 67 540 )
84 497 269 530 muscus
286 497 324 528 de
340 496 465 528 Ruvere
482 495 575 535 (della
591 494 724 533 Rovere)
742 493 782 524 de
802 492 915 529 Saona,
936 492 973 523 O.
991 492 1067 523 Min.
1086 491 1230 522 minister
1247 502 1316 532 gen.
1342 505 1374 516 =
1400 490 1451 522 tit.
1470 501 1494 521 s.
1514 490 1600 521 Petri
1618 490 1659 521 ad
1677 490 1759 522 vinc.
1780 491 1871 531 (1467
1890 492 1964 523 Dec.
1984 494 2062 532 3)s
2035 495 2062 532 (s
2066 518 2071 524 .
2091 494 2177 525 Petri
2195 495 2235 526 ad

25 590 31 598 ’Δ
53 603 65 645 )
84 603 264 636 Theodorus
285 603 323 634 de
343 601 578 636 monteferrato,
600 602 760 641 protonot.
784 602 886 639 apost.
912 612 945 623 =
969 597 1050 629 diac.
1073 608 1097 628 0.
1121 596 1302 636 Theodori⁴)
1338 597 1389 637 (de
1411 596 1662 636 Monteferrato),
1685 597 1705 636 †
1729 598 1805 627 1484
1829 598 1902 629 Jan.
1926 599 2017 639 21;⁵)

647 706 681 746 b)
703 706 738 736 in
758 705 890 736 secunda
910 705 1097 746 promotiome
1117 704 1167 735 die
1186 704 1226 735 21
1247 703 1325 734 Nov.
1349 702 1429 734 1468
1449 702 1563 733 habita:
1575 702 1600 742 ⁶)

0 763 14 781 :A
32 790 66 830 9)
88 789 228 822 Joannes
247 787 339 824 Bapt.
360 788 456 823 Zeno,
477 785 714 843 protonotarius
734 788 848 825 apost„
870 795 968 826 nepos
992 798 1024 809 =
1049 783 1129 814 diac.
1151 793 1175 814 0.
1198 782 1316 813 Mariae
1336 782 1367 813 in
1389 782 1523 823 porticU,
1545 781 1618 813 dein
1639 782 1741 823 presb.
1764 784 1814 815 tit.
1836 795 1860 815 s.
1883 784 2079 824 Anastasiae,
2101 786 2237 828 denique

218 852 266 882 ep.
290 840 457 872 Tusculan.
481 841 517 879 (s.
539 838 657 870 Mariae
678 838 710 868 in
733 838 881 878 porticu),
904 838 923 877 †
947 837 1021 868 1501
1045 836 1120 867 Maii
1141 835 1174 873 73
1188 835 1213 875 ⁷)

14 895 66 935 10)
89 896 228 927 loannes
239 895 278 926 110
288 893 450 925 Michaelis
463 891 622 932 (Μ1011101)
636 891 873 932 protonotarius
885 894 1000 931 apost„
1013 900 1167 930 nepos—
1135 911 1167 914 —
1192 888 1484 919 diac.s.Luc1ae1n
1501 887 1599 928 Sept„
1613 892 1760 929 posteas.
1775 890 1895 931 Angeli,
1909 891 1982 922 dein
1995 892 2045 922 tit.
2060 903 2084 923 S.
2099 892 2236 924 Marcelli

215 947 329 989 presb„
350 957 399 988 ep.
421 945 586 982 Albanen„
608 943 814 981 Praenestin.,
836 943 986 974 Portuen.
1010 944 1046 982 (s.
1069 942 1185 973 Luciae
1206 941 1257 972 vel
1277 952 1301 972 s.
1324 941 1435 982 Angeli
1456 951 1511 972 seu
1531 941 1742 982 Veronensis),
1765 943 1784 982 †
1807 944 1883 974 1503
1905 944 1980 985 Apr
2005 946 2055 975 10·
2049 945 2094 984 ‚⁸)

940 1070 1031 1105 vn.
1077 1069 1215 1104 Sixtus
1238 1069 1310 1111 1v,

13 1151 111 1181 ‘ntea
125 1147 309 1179 Franciscus
323 1146 405 1178 della
420 1145 544 1177 Rovere
560 1145 596 1177 Ο.
613 1145 700 1182 Μ10.,
717 1145 768 1176 111.
785 1156 808 1176 s.
826 1145 911 1176 Petri
927 1145 968 1176 ad
983 1145 1065 1175 vinc.
1083 1144 1185 1185 presb.
1203 1144 1287 1175 card.
1315 1154 1359 1181 ,,0.
1386 1144 1471 1175 Petri
1487 1144 1528 1175 ad
1544 1144 1648 1175 vinc.“
1667 1146 1710 1184 (v.
1727 1156 1822 1186 supra
1837 1145 1892 1183 VI,
1910 1146 1951 1186 7),
1968 1146 2085 1178 electus
2103 1148 2236 1188 (Romae

240 1200 272 1231 in
294 1199 413 1241 palatio
434 1198 602 1238 Vaticano)
624 1198 675 1230 die
698 1199 736 1228 10
757 1198 836 1239 Aug.
859 1202 892 1229 et
913 1201 1114 1229 consecratus
1136 1208 1172 1228 ac
1194 1200 1363 1228 coronatus
1384 1197 1435 1228 die
1456 1198 1495 1228 25
1517 1197 1597 1238 Aug.
1623 1197 1709 1235 1471,
1733 1198 1812 1229 obiit
1836 1200 1872 1229 12
1894 1199 1974 1240 Aug.
2000 1201 2113 1240 1484.⁹)

33 1383 35 1385 .
85 1359 107 1392 ¹)
130 1359 184 1391 Qui
197 1359 232 1384 24
247 1358 303 1385 Jul.
321 1359 388 1385 1476
403 1366 476 1383 mon.
493 1366 513 1383 s.
530 1357 623 1383 Crucis
637 1357 672 1382 de
688 1357 828 1383 Saxovivo
842 1357 874 1382 O.
893 1357 919 1383 S.
936 1357 967 1383 Β.
983 1357 1068 1382 dioec.

14 1402 123 1438 Fulgin.
144 1411 206 1430 vac.
228 1410 277 1436 per
298 1402 342 1428 ob.
366 1402 486 1436 Philippi
508 1401 581 1427 card.
606 1401 756 1427 Bononien.
782 1401 847 1433 (111,
870 1402 897 1432 6)
920 1401 949 1426 10
971 1409 1069 1426 comm.

14 1444 150 1478 obtinuit:
166 1446 211 1474 die
227 1449 322 1472 autem
340 1447 370 1472 11
389 1446 454 1480 Apr.
475 1446 540 1472 1491
560 1454 632 1471 mon.
651 1454 672 1471 s.
691 1445 766 1471 Petri
782 1445 817 1471 de
835 1445 952 1470 Rosacio
968 1453 1071 1470 vacans

13 1494 64 1527 po*
81 1491 126 1518 ob.
146 1491 232 1517 Mami
251 1490 324 1516 card.
346 1499 366 1516 s.
387 1490 473 1516 Marci
493 1490 576 1515 Petro
596 1489 724 1515 Dandolo
744 1490 772 1515 in
791 1498 889 1515 comm.
912 1489 1072 1514 conceditur

14 1532 88 1568 (ΟΜ.
101 1535 146 1566 83,
158 1535 206 1566 43;
220 1534 266 1561 AO
279 1535 384 1561 Camer.
399 1535 414 1560 I
428 1534 446 1560 f.
464 1535 516 1566 15).
544 1534 597 1560 Ofr.
613 1533 684 1567 App.
700 1533 714 1559 I
729 1542 768 1559 nr.
784 1534 844 1564 275,
859 1534 920 1563 311,
934 1534 995 1563 314,
1009 1534 1070 1563 316,

8 1575 75 1611 ³1⁸,
95 1579 156 1610 370,
178 1579 239 1610 387,
261 1579 321 1610 396,
343 1579 404 1609 397,
426 1579 486 1609 475,
508 1579 569 1608 476,
591 1578 652 1608 535,
674 1578 726 1604 536
747 1580 776 1603 et
798 1586 858 1611 pag.
886 1578 919 1603 14
943 1579 1000 1603 not.
1025 1578 1049 1603 5.

83 1622 107 1656 ⁸)
129 1623 184 1655 Qui
203 1623 238 1649 24
259 1623 334 1657 Sept.
359 1624 426 1649 1488
446 1631 519 1648 mon.
542 1631 562 1647 s.
585 1622 699 1648 Vedasti
719 1622 804 1647 dioec.
827 1621 988 1647 Atrebaten.
1010 1630 1069 1647 vac.

13 1673 63 1704 ‘a
82 1667 128 1694 ob.
150 1667 296 1693 cardinalis
318 1667 478 1701 Lugdunen.
512 1666 602 1698 (VIII,
634 1667 662 1698 4)
685 1666 714 1691 in
744 1674 842 1691 comm.
866 1666 975 1691 obtinet
997 1665 1069 1697 (Obl.

7 1709 59 1749 13,
75 1711 151 1744 116),
171 1711 246 1745 quod
265 1711 377 1745 quidem
396 1712 414 1736 4
433 1711 511 1736 Febr.
535 1711 602 1736 1489
622 1711 751 1744 resignat,
771 1710 815 1735 die
835 1713 929 1735 autem
951 1711 983 1735 14
1004 1710 1069 1736 Jun.

15 1754 87 1783 lm
106 1762 180 1782 mon.
205 1755 232 1781 b.
255 1755 358 1781 Mariae
381 1755 416 1780 de
439 1755 582 1781 Latiniano
605 1754 689 1780 dioec.
715 1754 845 1780 Parisien.
870 1755 991 1788 resignat
1015 1754 1087 1786 (AO.

13 1798 120 1826 Gamer-
137 1799 152 1825 I
167 1799 187 1825 f.
205 1799 222 1825 2
237 1802 267 1825 et
284 1800 336 1831 10).
369 1799 423 1825 cfr.
441 1799 512 1833 App.
531 1799 545 1824 Ι
561 1807 602 1824 nr.
620 1799 680 1828 281,
698 1799 758 1829 454,
776 1799 836 1829 455,
854 1799 915 1829 457,
932 1799 992 1828 473,
1010 1799 1070 1829 484,

14 1841 77 1874 486,
99 1843 160 1874 611,
183 1843 244 1874 512,
266 1843 327 1874 521,
350 1843 411 1873 535,
434 1843 584 1869 536-538,

85 1885 108 1919 ⁸)
131 1886 186 1918 Qui
205 1888 222 1914 5
243 1887 318 1921 Sept.
342 1887 409 1914 1470
430 1895 502 1913 mon.
525 1895 545 1912 s.
567 1887 711 1912 Eustachii
731 1886 766 1912 de
786 1887 912 1912 Nervisia
933 1886 964 1912 Ο.
989 1886 1015 1912 S.
1037 1886 1069 1912 B.

14 1930 102 1957 dioec.
117 1930 250 1957 Tei-visin.
266 1939 326 1957 vac.
343 1939 392 1965 per
406 1931 450 1957 ob.
466 1931 558 1957 ultimi
573 1931 684 1957 abbatis
699 1931 727 1956 in
743 1939 841 1956 comm.
858 1931 982 1956 obtinuit
997 1930 1069 1962 (Obl.

15 1975 60 2007 83,
81 1975 134 2007 17).
172 1974 226 2001 cfr.
247 1974 319 2000 insta
337 1977 395 2001 not.
416 1975 431 2002 7
451 1977 480 2001 et
498 1975 569 2009 App.
590 1975 604 2000 I
624 1983 664 2000 nr.
687 1976 744 2002 175.

85 2018 108 2051 ¹)
131 2018 220 2050 Quem
235 2019 279 2045 tit.
297 2019 428 2050 obtinuit,
444 2021 592 2052 postquam
609 2019 640 2044 21
658 2018 723 2052 Apr.
744 2020 810 2044 1468
826 2018 931 2045 Urbem
946 2019 1069 2044 intravit.

89 2062 112 2095 ⁶)
136 2063 190 2094 Qui
208 2063 242 2089 29
261 2063 323 2089 001.
346 2063 413 2090 1479
432 2071 505 2088 mon.
525 2062 560 2088 de
579 2063 691 2088 Tilietto
719 2063 751 2089 Ο.
771 2063 837 2089 Cist.
857 2063 943 2088 dioec.
964 2062 1070 2096 Aquen.

14 2107 175 2141 assignavit,
195 2107 271 2140 quod
289 2107 361 2133 illico
382 2106 502 2140 Scipioni
521 2106 556 2132 de
574 2107 781 2137 Monteferrato,
811 2109 950 2140 protonot.
971 2109 1070 2140 apost,

14 2152 112 2185 nepoti
132 2151 218 2185 ipsius
238 2151 322 2182 card.‚
344 2159 503 2177 concessum
524 2153 566 2176 est
587 2151 616 2176 in
636 2159 735 2176 comm.
758 2150 831 2183 (Obl.
854 2151 897 2181 83,
919 2151 972 2182 64).
1015 2151 1069 2177 Cir.

14 2193 87 2230 App.
110 2195 124 2220 Ι
146 2203 186 2221 nr.
209 2195 270 2226 279,
292 2195 352 2226 296,
374 2195 435 2225 303,
457 2196 517 2225 451,
539 2195 600 2226 456,
622 2195 682 2226 459,
704 2196 765 2225 475,
787 2195 847 2225 489,
869 2195 928 2221 491.

86 2247 109 2280 ⁸)
128 2247 180 2274 Die
199 2248 231 2274 21
252 2248 323 2274 Nov.
346 2249 413 2274 1468
434 2248 460 2274 S.
482 2248 511 2273 P.
533 2248 560 2273 in
580 2248 684 2281 palatio
711 2256 731 2273 s.
752 2248 827 2274 Petri
855 2248 883 2273 in
911 2248 1072 2273 consistorio

14 2294 122 2319 moreto
144 2291 180 2318 de
203 2300 337 2318 consensu
360 2292 535 2318 dominorum
559 2291 632 2317 card.
658 2292 850 2326 pronuntiavit
873 2292 901 2317 in
927 2292 953 2318 S.
979 2292 1012 2317 R.
1039 2292 1070 2318 E.

14 2335 168 2363 mdinales
191 2336 236 2363 Jo.
260 2336 420 2370 Baptistam
443 2336 516 2361 Zeno
538 2338 567 2361 et
591 2336 728 2362 Joannem
751 2335 786 2361 de
808 2335 956 2366 Michaelis,
980 2339 1071 2370 proto-

17 2380 142 2409 mrim
162 2382 251 2414 apost.
273 2380 354 2410 sedis,
376 2383 490 2414 nepotes
510 2388 574 2406 suos
595 2388 629 2405 ex
649 2379 758 2405 duabus
779 2380 925 2410 sororibus,
947 2388 1016 2414 quos
1037 2379 1073 2405 ad

13 2422 91 2458 dign.
107 2423 209 2450 cardin.
225 2427 421 2458 assumpserat,
436 2426 465 2449 01
479 2424 567 2450 altero
581 2424 625 2449 (110
640 2426 712 2457 post,
728 2432 783 2457 quo
797 2426 840 2449 est
854 2424 956 2450 festum
971 2432 991 2450 s.
1008 2423 1073 2450 Cae-

15 2466 104 2505 dino,
123 2468 154 2494 in
173 2469 334 2494 consistorio
354 2468 465 2502 publico
485 2469 514 2493 in
534 2468 598 2493 aula
619 2468 717 2500 majori
738 2467 833 2502 palatii
854 2467 1008 2502 publicavit
1028 2476 1074 2493 eos

17 2516 68 2547 pu
84 2511 208 2538 ordinem
226 2515 259 2538 ut
277 2520 361 2546 supra
379 2515 407 2538 et
426 2512 529 2546 recepit
547 2520 594 2538 eos
612 2512 647 2537 ad
667 2511 791 2538 osculum
810 2512 921 2545 pedum,
941 2520 1072 2537 manuum

17 2557 49 2582 et
60 2555 155 2587 omli,
169 2558 198 2582 ot
211 2556 292 2582 simili
306 2556 389 2582 modo
403 2556 449 2582 alii
463 2556 536 2582 card.
553 2556 724 2582 admiserunt
737 2564 784 2582 eos
798 2555 833 2581 ad
848 2556 972 2582 osculum
986 2557 1073 2590 pacis;

15 2598 118 2626 ddinde
132 2599 210 2626 dedit
226 2599 253 2626 S.
269 2600 300 2626 P.
316 2601 355 2626 eis
370 2600 488 2634 capellos
503 2600 610 2630 rubeos,
627 2601 744 2634 insignia
758 2600 831 2634 dign.
848 2600 961 2630 cardin,
977 2603 1006 2626 01
1021 2600 1075 2626 alia

17 2642 94 2674 feeit,
108 2646 192 2678 prout
204 2644 287 2670 moris
300 2647 350 2671 est.
383 2644 436 2676 Qui
449 2644 548 2670 deinde
561 2645 690 2670 associati
703 2644 816 2670 fuerunt
830 2652 878 2678 per
891 2652 986 2670 omnes
999 2644 1072 2670 card.

17 2694 107 2722 usque
121 2687 158 2714 ad
173 2695 295 2714 cameras
310 2696 382 2719 suas,
398 2689 447 2714 ubi
463 2691 530 2714 tunc
546 2689 575 2714 in
591 2688 732 2722 praedicto
749 2688 852 2722 palatio
868 2696 890 2714 s.
907 2688 982 2714 Petri
998 2688 1074 2714 habi-

0 2731 121 2758 'tabant
138 2734 167 2758 et
184 2731 354 2763 residebant3
373 2735 402 2758 et
419 2732 516 2758 eodem
534 2732 578 2758 die
596 2733 630 2758 22
648 2732 720 2758 Nov.
742 2733 768 2758 S.
789 2732 819 2758 P.
839 2732 916 2758 dedit
934 2732 1007 2758 dom.
1028 2732 1073 2758 Jo.

17 2774 165 2810 Baptistae
178 2775 252 2802 card.
266 2776 311 2802 tit.
325 2784 346 2802 0.
360 2776 464 2802 Mariae
476 2777 505 2802 iu
518 2777 627 2810 porticu
640 2779 669 2802 01
681 2776 755 2802 (1001.
771 2776 791 2802 J
792 2777 875 2802 oanni
888 2776 923 2802 de
935 2776 1076 2802 Michaelis

15 2819 64 2847 fit.
74 2827 96 2846 0.
107 2819 208 2846 Luciae
220 2820 249 2846 in
258 2822 364 2854 septem
376 2820 450 2846 soliis
461 2820 542 2851 diae„
555 2821 603 2854 qui
615 2820 651 2846 ab
664 2821 718 2847 ista
730 2820 775 2846 die
786 2820 889 2846 debent
902 2821 1075 2854 participare,

1 2863 172 2900 5¹2-oeoundum
189 2864 264 2898 quod
280 2863 352 2890 dixit
368 2864 435 2890 mihi
451 2864 524 2891 card.
543 2864 709 2898 Rothomag.
729 2866 760 2897 (s.
779 2865 883 2898 collegii
900 2865 1075 2897 camerarius)

18 2910 22 2915 ’
77 2908 112 2934 22
124 2907 190 2934 Dec.
207 2909 288 2939 14683
301 2907 346 2934 die
359 2911 453 2934 autem
466 2908 579 2935 Veneris
592 2909 608 2935 9
622 2908 687 2935 Dec.
704 2909 772 2935 1468
787 2909 813 2935 S.
829 2909 858 2934 P.
874 2909 902 2934 in
915 2909 1076 2934 consistorio

141 2953 251 2986 aperuit
266 2961 297 2978 os
313 2952 461 2986 praedietis
476 2953 556 2979 novis
572 2953 765 2979 cardinalibus.
799 2952 853 2979 Gir.
871 2952 946 2978 Arm.
965 2952 1077 2984 XXXI,

1179 1356 1221 1386 52,
1239 1355 1257 1381 f.
1276 1356 1318 1381 39.
1336 1370 1372 1374 --
1387 1356 1446 1382 NB.
1465 1356 1497 1381 A.
1518 1357 1582 1383 1471
1602 1365 1618 1382 a
1635 1356 1721 1382 Paulo
1738 1357 1768 1382 II
1786 1360 1906 1390 quatuor
1921 1358 1967 1384 alii
1984 1360 2135 1386 cardinales
2152 1363 2236 1388 creati

1178 1402 1244 1425 sunt
1264 1400 1319 1425 scil.
1345 1401 1465 1427 Joannes
1486 1401 1560 1427 Vitez
1582 1409 1640 1434 aep.
1665 1401 1839 1434 Strigonien„
1861 1403 1955 1430 Petrus
1976 1404 2084 1431 Foscari
2105 1404 2235 1437 Venetus,

1180 1445 1300 1471 Joannes
1318 1445 1396 1475 Bapt.
1416 1445 1536 1472 Savellus
1555 1444 1706 1475 Romanus,
1725 1446 1847 1473 Fen-icus
1865 1448 1897 1473 de
1915 1447 2043 1475 Cluniaeo
2060 1448 2234 1482 Burgundus.

1184 1488 1237 1519 Qui
1260 1488 1380 1522 quidem,
1405 1497 1491 1522 quum
1514 1489 1566 1514 rite
1589 1489 1722 1522 publicati
1745 1498 1800 1514 non
1823 1493 1922 1520 essent,
1947 1500 1963 1516 a
1988 1492 2066 1517 Sixto
2089 1493 2129 1519 IV
2152 1494 2236 1527 ipsius

1179 1532 1258 1558 Pauli
1274 1541 1428 1558 successore
1443 1541 1499 1558 non
1516 1534 1619 1566 recepti
1634 1536 1707 1558 sunt.
1740 1534 1874 1559 Attamen
1893 1534 1987 1560 Sixtus
2003 1536 2043 1561 IV
2059 1537 2087 1562 in
2103 1538 2159 1563 suis
2175 1547 2235 1572 pro-

1179 1577 1348 1602 motionibus
1367 1586 1390 1602 a.
1414 1578 1479 1604 1477
1499 1579 1528 1602 et
1548 1578 1616 1602 1480
1634 1577 1736 1603 habitis
1755 1578 1874 1608 eosdem,
1894 1582 2010 1613 excepto
2030 1581 2139 1607 Joanne
2157 1591 2234 1616 aepo.

1181 1621 1343 1654 Strigonien.
1360 1621 1470 1646 interim
1483 1621 1624 1651 defuncto,
1639 1622 1667 1646 in
1683 1622 1709 1647 S.
1726 1622 1759 1647 R.
1775 1622 1807 1647 E.
1823 1622 1974 1649 cardinales
1987 1624 2022 1650 de
2035 1633 2108 1650 novo
2122 1627 2234 1652 creavit.

1178 1665 1210 1691 V.
1226 1665 1305 1690 infra.
1321 1665 1341 1691 J
1342 1674 1387 1690 am
1400 1668 1518 1690 exeunte
1532 1674 1556 1690 a.
1574 1666 1641 1691 1464
1654 1666 1698 1691 vel
1711 1666 1823 1691 ineunte
1845 1675 1869 1692 a.
1896 1668 1963 1693 1465
1976 1677 1993 1693 a
2006 1668 2092 1694 Paulo
2106 1670 2135 1695 II
2149 1671 2235 1698 Theo-

1179 1711 1260 1736 dorus
1274 1710 1340 1736 Leni
1353 1718 1395 1743 ep.
1411 1709 1543 1735 Tervisin.
1559 1712 1588 1735 et
1604 1710 1724 1737 Joannes
1738 1711 1850 1737 Barozzi
1865 1714 1935 1744 patr.
1952 1707 2048 1738 Venet.
2065 1714 2092 1738 in
2109 1714 2134 1740 S.
2152 1714 2184 1740 R.
2202 1715 2233 1741 E.

1179 1753 1330 1779 cardinales
1353 1754 1438 1779 creati
1460 1762 1518 1779 esse
1541 1754 1679 1784 dicuntur,
1704 1755 1751 1787 qui
1774 1755 1895 1788 quidem,
1919 1756 2078 1790 priusquam
2103 1758 2234 1791 publicati

1178 1800 1253 1828 sunt,
1275 1798 1403 1823 obierunt
1424 1797 1479 1830 (1110
1500 1806 1524 1823 a.
1550 1799 1625 1828 1465,
1648 1797 1690 1823 hic
1712 1807 1735 1824 a.
1761 1799 1847 1830 1466).

1250 1850 1271 1882 ⁷)
1291 1850 1344 1876 Cfr.
1364 1853 1422 1876 not.
1442 1850 1478 1876 ad
1496 1850 1535 1880 ΙΙ,
1554 1851 1595 1876 22.
1637 1850 1690 1882 Qui
1708 1852 1724 1876 9
1745 1851 1819 1885 Sept.
1842 1853 1909 1879 1470
1927 1861 1999 1878 mon.
2019 1862 2039 1879 0.
2060 1854 2235 1881 Ambroniaci

1180 1894 1211 1920 Ο.
1231 1894 1257 1920 S.
1276 1894 1307 1919 B.
1324 1894 1409 1920 dioec.
1427 1894 1576 1928 Lingonen.
1594 1903 1653 1920 vac.
1672 1903 1719 1928 per
1734 1895 1778 1920 ob.
1796 1896 1868 1921 card.
1886 1896 2074 1923 Constantien.
2092 1899 2120 1924 in
2135 1907 2233 1925 comm.

1179 1939 1302 1964 obtinuit
1317 1941 1345 1964 et
1361 1940 1377 1964 5
1395 1939 1469 1972 Sept.
1490 1939 1557 1965 1470
1573 1947 1645 1964 mon.
1663 1939 1697 1964 de
1713 1939 1788 1964 Assis
1804 1939 1836 1965 O.
1856 1940 1881 1966 S.
1900 1940 1931 1966 B.
1959 1941 2043 1967 dioec.
2064 1942 2234 1969 Suessionen.

1179 1983 1329 2016 resignavit
1355 1983 1605 2013 commendandum
1631 1983 1848 2009 administratori
1874 1985 1937 2010 ecel.
1967 1985 2123 2012 Gebennen.
2162 1988 2233 2019 (Obl.

1180 2027 1222 2057 83,
1241 2027 1293 2058 17),
1309 2027 1353 2052 (110
1368 2030 1463 2052 autem
1480 2027 1512 2052 16
1522 2027 1602 2052 Mart.
1617 2027 1681 2052 1491
1699 2027 1821 2053 obtinuit
1836 2029 1864 2053 in
1879 2037 1976 2054 comm.
1994 2038 2067 2056 mon.
2084 2039 2104 2056 s.
2119 2031 2236 2065 Spiritus

1181 2071 1372 2096 Ravennaten.
1396 2071 1427 2097 O.
1443 2071 1469 2097 8.
1483 2071 1514 2096 Β.
1528 2079 1587 2096 vac.
1601 2079 1649 2104 per
1660 2071 1703 2097 ob.
1716 2071 1801 2097 Marci
1813 2072 1885 2098 card.
1899 2081 1919 2098 0.
1932 2073 2026 2104 Marci,
2039 2075 2113 2108 quod
2125 2076 2236 2108 quidem

1180 2116 1196 2140 2
1209 2115 1288 2140 Febr.
1304 2115 1371 2140 1492
1384 2115 1545 2148 resignavit;
1558 2115 1631 2140 idem
1643 2115 1709 2141 fecit
1721 2116 1737 2140 2
1751 2116 1814 2141 Jan.
1831 2117 1897 2142 1493
1910 2117 2002 2150 quoad
2015 2126 2087 2144 mon.
2101 2119 2135 2144 (10
2148 2119 2236 2145 Ruela

1180 2159 1211 2185 O.
1230 2159 1310 2189 Cist.;
1328 2159 1372 2184 die
1389 2159 1508 2192 denique
1527 2160 1559 2184 14
1577 2159 1642 2185 Jun.
1664 2160 1728 2185 1501
1749 2162 1915 2186 monasteria
1932 2170 1952 2187 s.
1971 2162 2087 2188 Zenonis
2105 2163 2136 2189 O.
2157 2163 2183 2190 S.
2203 2164 2234 2190 B.

1179 2203 1264 2229 dioec.
1284 2203 1429 2234 Veronen.,
1449 2211 1469 2228 s.
1492 2203 1626 2236 Stephani
1643 2203 1678 2228 de
1696 2203 1818 2229 Carreria
1837 2204 1868 2230 Ο.
1891 2205 1917 2231 S.
1938 2205 1980 2236 B„
2000 2214 2020 2231 s.
2041 2206 2184 2233 Eustachii
2202 2208 2236 2233 de

1179 2248 1311 2274 Nervesia
1329 2247 1414 2273 dioec.
1434 2248 1566 2273 Tervisin.
1597 2247 1655 2279 (cfr.
1675 2255 1758 2281 supra
1781 2251 1838 2274 not.
1853 2249 1880 2281 3)
1900 2258 1948 2283 per
1966 2250 2025 2283 ejus
2043 2251 2086 2276 ob.
2107 2253 2236 2278 vacantia

1180 2292 1248 2322 aliis,
1276 2292 1347 2317 inter
1362 2300 1431 2325 quos
1446 2291 1554 2317 Marcus
1570 2291 1642 2317 card.
1660 2291 1831 2318 Contarenus
1846 2302 1919 2319 mon.
1937 2302 1956 2319 s.
1974 2294 2090 2320 Zenonis
2105 2295 2235 2326 obtinuit,

1180 2337 1208 2361 in
1223 2344 1322 2361 comm.
1339 2336 1528 2361 conceduntur
1543 2335 1600 2367 (AO
1615 2335 1719 2361 Camer.
1737 2336 1750 2361 I
1766 2336 1784 2362 f.
1804 2338 1844 2367 14,
1861 2338 1903 2368 21,
1920 2338 1962 2367 30.
1979 2339 2033 2370 95.)
2063 2339 2116 2364 Cfr.
2134 2339 2204 2373 App.
2222 2340 2236 2365 Ι

1180 2388 1220 2405 nr.
1240 2380 1300 2410 288,
1319 2380 1379 2410 365,
1398 2380 1458 2410 371,
1477 2380 1625 2410 375—377‚
1644 2381 1704 2410 414,
1723 2381 1784 2411 418,
1803 2381 1863 2412 429,
1882 2383 1942 2412 516,
1961 2383 2025 2412 640;
2055 2383 2100 2408 lib.
2121 2383 2149 2408 II
2168 2392 2188 2409 s.
2209 2392 2234 2409 v.

1181 2424 1315 2450 Vicentin.

1251 2467 1272 2499 Β)
1292 2467 1346 2493 cfr.
1360 2470 1417 2493 not.
1431 2467 1466 2493 ad
1479 2467 1517 2498 ΙΙ,
1530 2468 1572 2493 22.
1601 2467 1653 2498 Qui
1666 2468 1699 2494 26
1711 2468 1782 2494 Nov.
1798 2470 1864 2496 1473
1877 2478 1948 2495 mon.
1962 2470 1996 2495 de
2008 2470 2104 2504 Tyano
2116 2471 2147 2497 Ο.
2163 2471 2188 2497 8.
2203 2472 2234 2497 B.

1181 2515 1210 2538 et
1229 2512 1263 2537 24
1283 2512 1339 2538 Jul.
1363 2513 1430 2538 1476
1448 2520 1521 2550 mon.
1543 2520 1563 2537 s.
1584 2512 1672 2537 Maria
1690 2512 1724 2537 de
1746 2512 1828 2539 Sania
1848 2513 1879 2539 Ο.
1902 2514 1928 2539 8.
1950 2514 1980 2539 Β.
2002 2514 2086 2540 dioec.
2108 2515 2234 2541 Nucerin.

1181 2557 1210 2582 in
1229 2564 1327 2581 comm.
1348 2556 1471 2582 obtinuit
1491 2556 1563 2588 (Obl.
1584 2556 1626 2586 83,
1647 2557 1680 2582 30
1699 2559 1728 2582 et
1747 2557 1804 2589 43);
1834 2557 1878 2583 die
1899 2559 1931 2583 10
1950 2558 2015 2584 Maii
2036 2559 2102 2584 1503
2122 2568 2193 2584 mon.
2215 2568 2235 2585 s.

1182 2600 1278 2626 Trinit.
1300 2599 1332 2626 Ο.
1354 2600 1528 2626 Vallisumbr.
1549 2600 1634 2625 dioec.
1656 2600 1789 2626 Veronen.
1812 2610 1859 2635 per
1878 2602 1938 2634 ejus
1958 2602 2001 2628 ob.
2023 2611 2125 2628 vacans
2144 2603 2237 2629 Marco

1182 2644 1278 2670 Laudo
1296 2645 1325 2670 in
1343 2652 1441 2670 comm.
1461 2644 1620 2670 conceditur
1638 2643 1695 2676 (AC
1713 2644 1817 2671 Camer.
1837 2645 1851 2671 Ι
1869 2646 1887 2671 f.
1910 2647 1978 2678 115).
1999 2646 2052 2672 Cfr.
2072 2647 2143 2681 App.
2163 2647 2177 2672 Ι
2196 2656 2235 2673 nr.

1183 2689 1243 2718 352,
1261 2689 1321 2718 475,
1339 2689 1400 2719 501,
1418 2689 1478 2719 509,
1496 2690 1557 2719 515,
1575 2689 1635 2719 517,
1653 2689 1713 2718 520,
1731 2690 1791 2719 536,
1809 2690 1869 2720 538,
1888 2691 1948 2721 546,
1966 2691 2030 2721 580;
2058 2691 2104 2717 lib.
2123 2691 2152 2716 II
2170 2700 2190 2716 s.
2210 2700 2235 2717 v.

1182 2732 1316 2758 Veronen.
1336 2735 1365 2758 et
1384 2732 1507 2758 Paduan.

1253 2776 1276 2808 ⁹)
1294 2776 1375 2802 Anno
1394 2778 1458 2804 1471
1477 2777 1522 2802 die
1537 2778 1554 2803 6
1570 2776 1650 2810 Aug„
1668 2785 1738 2809 quae
1754 2777 1808 2803 fuit
1824 2778 1882 2804 dies
1898 2778 2003 2809 Martis,
2020 2787 2091 2812 quae
2107 2779 2161 2804 fuit
2177 2779 2238 2805 XIa

1183 2820 1242 2846 dies
1257 2821 1350 2846 obitus
1366 2821 1445 2846 Pauli
1462 2821 1501 2851 ΙΙ,
1518 2821 1597 2854 cujus
1613 2821 1745 2853 exequiae
1761 2822 1914 2855 completae
1930 2822 2042 2848 fuerunt
2059 2823 2239 2856 praecedente

1183 2864 1236 2895 die,
1252 2867 1367 2891 cantata
1382 2866 1465 2891 missa
1482 2865 1600 2899 Spiritus
1615 2865 1704 2890 sancti
1719 2867 1747 2890 et
1762 2865 1837 2891 iacto
1852 2874 1975 2892 sermone
1991 2867 2141 2893 cardinales
2156 2867 2238 2893 infra-

1184 2909 1279 2943 scripti
1298 2909 1473 2935 intraverunt
1491 2909 1622 2935 conclave
1640 2909 1668 2934 in
1688 2908 1792 2942 palatio
1811 2913 1900 2944 apost.
1921 2910 1996 2944 apud
2015 2919 2035 2936 s.
2057 2911 2170 2937 Petrum
2190 2920 2239 2945 pro

1184 2952 1280 2979 futuro
1295 2953 1427 2987 pontifice
1441 2953 1566 2987 eligendo
1581 2953 1648 2978 hora
1665 2953 1706 2983 15,
1722 2953 1816 2980 videl.:
1843 2954 1981 2980 Nicaenus
1997 2955 2046 2987 (ΙΙ,
2065 2956 2117 2987 11),
2135 2955 2239 2981 Rotho-
