<?xml version="1.0" encoding="UTF-8"?>
<!DOCTYPE html PUBLIC "-//W3C//DTD XHTML 1.0 Transitional//EN"
    "http://www.w3.org/TR/xhtml1/DTD/xhtml1-transitional.dtd">
<html xmlns="http://www.w3.org/1999/xhtml" xml:lang="en" lang="en">
 <head>
  <title>
</title>
<meta http-equiv="Content-Type" content="text/html;charset=utf-8" />
  <meta name='ocr-system' content='tesseract 3.04.00' />
  <meta name='ocr-capabilities' content='ocr_page ocr_carea ocr_par ocr_line ocrx_word'/>
</head>
<body>
  <div class='ocr_page' id='page_1' title='image "./hierarchiacathol02eubeuoft/hierarchiacathol02eubeuoft_0259.png"; bbox 0 0 2436 3328; ppageno 0'>
   <div class='ocr_carea' id='block_1_1' title="bbox 778 185 1572 227">
    <p class='ocr_par' dir='ltr' id='par_1_1' title="bbox 778 185 1572 227">
     <span class='ocr_line' id='line_1_1' title="bbox 778 185 1572 227; baseline -0.005 -5"><span class='ocrx_word' id='word_1_1' title='bbox 778 186 983 224; x_wconf 85' lang='lat' dir='ltr'>Ottocien.‚</span> <span class='ocrx_word' id='word_1_2' title='bbox 1008 186 1181 224; x_wconf 70' lang='lat' dir='ltr'>oveten„</span> <span class='ocrx_word' id='word_1_3' title='bbox 1205 185 1406 227; x_wconf 72' lang='lat' dir='ltr'>oxomen,</span> <span class='ocrx_word' id='word_1_4' title='bbox 1429 185 1572 221; x_wconf 83' lang='lat' dir='ltr'>Pacen.</span> 
     </span>
    </p>
   </div>
   <div class='ocr_carea' id='block_1_2' title="bbox 0 0 73 2136">
    <p class='ocr_par' dir='ltr' id='par_1_2' title="bbox 0 0 73 2136">
     <span class='ocr_line' id='line_1_2' title="bbox 0 0 73 417; baseline 0 -15"><span class='ocrx_word' id='word_1_5' title='bbox 0 0 73 417; x_wconf 95' lang='lat' dir='ltr'>   </span> 
     </span>
     <span class='ocr_line' id='line_1_3' title="bbox 0 417 66 577; baseline 0 -107"><span class='ocrx_word' id='word_1_6' title='bbox 0 417 66 577; x_wconf 95' lang='lat' dir='ltr'>  </span> 
     </span>
     <span class='ocr_line' id='line_1_4' title="bbox 0 577 73 825; baseline 0 -137"><span class='ocrx_word' id='word_1_7' title='bbox 0 577 73 825; x_wconf 95' lang='lat' dir='ltr'>    </span> 
     </span>
     <span class='ocr_line' id='line_1_5' title="bbox 0 825 65 952; baseline 0 -89"><span class='ocrx_word' id='word_1_8' title='bbox 0 825 65 952; x_wconf 95' lang='lat' dir='ltr'>   </span> 
     </span>
     <span class='ocr_line' id='line_1_6' title="bbox 0 952 68 1064; baseline 0 -95"><span class='ocrx_word' id='word_1_9' title='bbox 0 952 68 1064; x_wconf 95' lang='lat' dir='ltr'>   </span> 
     </span>
     <span class='ocr_line' id='line_1_7' title="bbox 0 1064 69 1249; baseline 0 -121"><span class='ocrx_word' id='word_1_10' title='bbox 0 1064 69 1249; x_wconf 95' lang='lat' dir='ltr'>     </span> 
     </span>
     <span class='ocr_line' id='line_1_8' title="bbox 0 1249 73 1484; baseline 0 -81"><span class='ocrx_word' id='word_1_11' title='bbox 0 1249 73 1484; x_wconf 95' lang='lat' dir='ltr'>     </span> 
     </span>
     <span class='ocr_line' id='line_1_9' title="bbox 0 1484 67 1644; baseline 0 0"><span class='ocrx_word' id='word_1_12' title='bbox 0 1484 67 1644; x_wconf 95' lang='lat' dir='ltr'>      </span> 
     </span>
     <span class='ocr_line' id='line_1_10' title="bbox 0 1644 66 1753; baseline 0 -68"><span class='ocrx_word' id='word_1_13' title='bbox 0 1644 66 1753; x_wconf 95' lang='lat' dir='ltr'>   </span> 
     </span>
     <span class='ocr_line' id='line_1_11' title="bbox 0 1753 73 1959; baseline 0 -47"><span class='ocrx_word' id='word_1_14' title='bbox 0 1753 73 1959; x_wconf 95' lang='lat' dir='ltr'>    </span> 
     </span>
     <span class='ocr_line' id='line_1_12' title="bbox 0 1959 65 2047; baseline 0 -71"><span class='ocrx_word' id='word_1_15' title='bbox 0 1959 65 2047; x_wconf 95' lang='lat' dir='ltr'>   </span> 
     </span>
     <span class='ocr_line' id='line_1_13' title="bbox 0 2047 65 2136; baseline 0 -64"><span class='ocrx_word' id='word_1_16' title='bbox 0 2047 65 2136; x_wconf 95' lang='lat' dir='ltr'>   </span> 
     </span>
    </p>
   </div>
   <div class='ocr_carea' id='block_1_3' title="bbox 481 281 1875 326">
    <p class='ocr_par' dir='ltr' id='par_1_3' title="bbox 481 281 1875 326">
     <span class='ocr_line' id='line_1_14' title="bbox 481 281 1875 326; baseline -0.001 -9"><span class='ocrx_word' id='word_1_17' title='bbox 481 281 680 317; x_wconf 50' lang='grc'>013001011-</span> <span class='ocrx_word' id='word_1_18' title='bbox 715 282 936 324; x_wconf 76' lang='lat' dir='ltr'>(Ottochaz)</span> <span class='ocrx_word' id='word_1_19' title='bbox 960 283 994 315; x_wconf 89' lang='lat' dir='ltr'>in</span> <span class='ocrx_word' id='word_1_20' title='bbox 1018 283 1150 316; x_wconf 79' lang='lat' dir='ltr'>Oroatia</span> <span class='ocrx_word' id='word_1_21' title='bbox 1173 293 1232 315; x_wconf 87' lang='lat' dir='ltr'>seu</span> <span class='ocrx_word' id='word_1_22' title='bbox 1256 283 1312 324; x_wconf 83' lang='lat' dir='ltr'>„in</span> <span class='ocrx_word' id='word_1_23' title='bbox 1336 283 1493 315; x_wconf 81' lang='lat' dir='ltr'>comitatu</span> <span class='ocrx_word' id='word_1_24' title='bbox 1518 283 1716 316; x_wconf 79' lang='lat' dir='ltr'>Corvariae·‘</span> <span class='ocrx_word' id='word_1_25' title='bbox 1742 284 1801 325; x_wconf 89' lang='lat'>(80</span> <span class='ocrx_word' id='word_1_26' title='bbox 1825 284 1875 326; x_wconf 89' lang='lat' dir='ltr'>ss.)</span> 
     </span>
    </p>
   </div>
   <div class='ocr_carea' id='block_1_4' title="bbox 1470 366 2069 458">
    <p class='ocr_par' dir='ltr' id='par_1_4' title="bbox 1470 366 2069 458">
     <span class='ocr_line' id='line_1_15' title="bbox 1470 366 1986 405; baseline 0 -8"><span class='ocrx_word' id='word_1_27' title='bbox 1470 367 1548 397; x_wconf 88' lang='lat'>1460</span> <span class='ocrx_word' id='word_1_28' title='bbox 1570 366 1639 398; x_wconf 90' lang='lat' dir='ltr'>Oct.</span> <span class='ocrx_word' id='word_1_29' title='bbox 1665 368 1701 398; x_wconf 91' lang='lat'>13</span> <span class='ocrx_word' id='word_1_30' title='bbox 1762 367 1831 398; x_wconf 91' lang='lat' dir='ltr'>Obl.</span> <span class='ocrx_word' id='word_1_31' title='bbox 1855 367 1903 405; x_wconf 86' lang='lat'>76,</span> <span class='ocrx_word' id='word_1_32' title='bbox 1931 368 1986 398; x_wconf 87' lang='grc'>191</span> 
     </span>
     <span class='ocr_line' id='line_1_16' title="bbox 1470 419 2069 458; baseline 0.002 -8"><span class='ocrx_word' id='word_1_33' title='bbox 1470 421 1547 450; x_wconf 91' lang='grc'>1492</span> <span class='ocrx_word' id='word_1_34' title='bbox 1568 419 1643 451; x_wconf 87' lang='lat' dir='ltr'>Maii</span> <span class='ocrx_word' id='word_1_35' title='bbox 1666 421 1684 451; x_wconf 87' lang='lat'>9</span> <span class='ocrx_word' id='word_1_36' title='bbox 1762 421 1813 452; x_wconf 90' lang='lat' dir='ltr'>AC</span> <span class='ocrx_word' id='word_1_37' title='bbox 1836 421 1957 451; x_wconf 88' lang='lat' dir='ltr'>Camer.</span> <span class='ocrx_word' id='word_1_38' title='bbox 1982 420 2007 458; x_wconf 93' lang='grc' dir='ltr'>Ι,</span> <span class='ocrx_word' id='word_1_39' title='bbox 2030 422 2069 451; x_wconf 87' lang='grc'>23</span> 
     </span>
    </p>
   </div>
   <div class='ocr_carea' id='block_1_5' title="bbox 28 366 432 507">
    <p class='ocr_par' dir='ltr' id='par_1_5' title="bbox 28 346 432 520">
     <span class='ocr_line' id='line_1_17' title="bbox 65 366 270 400; baseline 0.017 -5.388"><span class='ocrx_word' id='word_1_40' title='bbox 65 377 168 400; x_wconf 69' lang='lat' dir='ltr'>aecer.</span> <span class='ocrx_word' id='word_1_41' title='bbox 192 366 270 397; x_wconf 85' lang='lat'>1460</span> 
     </span>
     <span class='ocr_line' id='line_1_18' title="bbox 45 419 235 469; baseline 0.016 -19"><span class='ocrx_word' id='word_1_42' title='bbox 45 419 117 469; x_wconf 46' lang='lat'>[3⁰¹³-</span> <span class='ocrx_word' id='word_1_43' title='bbox 139 419 235 451; x_wconf 72' lang='lat' dir='ltr'>Blasii</span> 
     </span>
     <span class='ocr_line' id='line_1_19' title="bbox 28 467 432 507; baseline 0.02 -12"><span class='ocrx_word' id='word_1_44' title='bbox 28 467 44 495; x_wconf 66' lang='grc' dir='ltr'><strong>Τ</strong></span> <span class='ocrx_word' id='word_1_45' title='bbox 66 475 107 507; x_wconf 66' lang='lat'>12.</span> <span class='ocrx_word' id='word_1_46' title='bbox 129 471 181 504; x_wconf 86' lang='lat' dir='ltr'>Jo.</span> <span class='ocrx_word' id='word_1_47' title='bbox 203 471 244 503; x_wconf 77' lang='lat' dir='ltr'>ad</span> <span class='ocrx_word' id='word_1_48' title='bbox 265 471 432 503; x_wconf 83' lang='lat' dir='ltr'>Catharen.</span> 
     </span>
    </p>
   </div>
   <div class='ocr_carea' id='block_1_6' title="bbox 515 366 1428 567">
    <p class='ocr_par' dir='ltr' id='par_1_6' title="bbox 515 366 1327 409">
     <span class='ocr_line' id='line_1_20' title="bbox 515 366 1327 409; baseline 0.001 -12"><span class='ocrx_word' id='word_1_49' title='bbox 515 367 639 398; x_wconf 75' lang='lat' dir='ltr'>Blasius</span> <span class='ocrx_word' id='word_1_50' title='bbox 664 367 797 405; x_wconf 87' lang='lat' dir='ltr'>Nicolai‚</span> <span class='ocrx_word' id='word_1_51' title='bbox 823 378 912 409; x_wconf 91' lang='lat' dir='ltr'>prov.</span> <span class='ocrx_word' id='word_1_52' title='bbox 940 368 959 398; x_wconf 99' lang='lat'>4</span> <span class='ocrx_word' id='word_1_53' title='bbox 986 367 1061 399; x_wconf 89' lang='lat' dir='ltr'>Jun.</span> <span class='ocrx_word' id='word_1_54' title='bbox 1091 368 1178 405; x_wconf 86' lang='lat'>1460,</span> <span class='ocrx_word' id='word_1_55' title='bbox 1205 366 1268 398; x_wconf 88' lang='lat' dir='ltr'>obl.</span> <span class='ocrx_word' id='word_1_56' title='bbox 1294 377 1327 398; x_wconf 86' lang='lat' dir='ltr'>se</span> 
     </span>
    </p>

    <p class='ocr_par' dir='ltr' id='par_1_7' title="bbox 518 419 1366 462">
     <span class='ocr_line' id='line_1_21' title="bbox 518 419 1366 462; baseline -0.001 -11"><span class='ocrx_word' id='word_1_57' title='bbox 518 421 657 452; x_wconf 78' lang='lat' dir='ltr'>Joannes</span> <span class='ocrx_word' id='word_1_58' title='bbox 684 420 868 462; x_wconf 84' lang='lat' dir='ltr'>Cheregato,</span> <span class='ocrx_word' id='word_1_59' title='bbox 897 421 981 461; x_wconf 90' lang='lat' dir='ltr'>prior</span> <span class='ocrx_word' id='word_1_60' title='bbox 1007 420 1159 462; x_wconf 86' lang='lat' dir='ltr'>generalis</span> <span class='ocrx_word' id='word_1_61' title='bbox 1187 420 1223 452; x_wconf 95' lang='lat' dir='ltr'>O.</span> <span class='ocrx_word' id='word_1_62' title='bbox 1253 419 1366 451; x_wconf 78' lang='lat' dir='ltr'>Crucis.</span> 
     </span>
    </p>

    <p class='ocr_par' dir='ltr' id='par_1_8' title="bbox 518 473 1428 567">
     <span class='ocr_line' id='line_1_22' title="bbox 518 473 1428 514; baseline -0.001 -10"><span class='ocrx_word' id='word_1_63' title='bbox 518 473 712 512; x_wconf 79' lang='lat' dir='ltr'>(Vincentius</span> <span class='ocrx_word' id='word_1_64' title='bbox 741 473 780 504; x_wconf 87' lang='lat' dir='ltr'>de</span> <span class='ocrx_word' id='word_1_65' title='bbox 811 473 954 510; x_wconf 88' lang='lat' dir='ltr'>Andreis,</span> <span class='ocrx_word' id='word_1_66' title='bbox 985 484 1084 514; x_wconf 89' lang='lat' dir='ltr'>usque</span> <span class='ocrx_word' id='word_1_67' title='bbox 1114 473 1155 504; x_wconf 87' lang='lat' dir='ltr'>ad</span> <span class='ocrx_word' id='word_1_68' title='bbox 1185 484 1213 504; x_wconf 86' lang='lat' dir='ltr'>a.</span> <span class='ocrx_word' id='word_1_69' title='bbox 1247 474 1334 510; x_wconf 92' lang='lat'>1513,</span> <span class='ocrx_word' id='word_1_70' title='bbox 1365 483 1428 514; x_wconf 93' lang='lat' dir='ltr'>quo</span> 
     </span>
     <span class='ocr_line' id='line_1_23' title="bbox 599 526 1323 567; baseline 0 -10"><span class='ocrx_word' id='word_1_71' title='bbox 599 526 672 557; x_wconf 88' lang='grc'>0001.</span> <span class='ocrx_word' id='word_1_72' title='bbox 698 526 855 558; x_wconf 88' lang='lat' dir='ltr'>Ottocien.</span> <span class='ocrx_word' id='word_1_73' title='bbox 881 526 990 557; x_wconf 88' lang='lat' dir='ltr'>unitur</span> <span class='ocrx_word' id='word_1_74' title='bbox 1013 526 1159 557; x_wconf 84' lang='lat' dir='ltr'>ecclesiae</span> <span class='ocrx_word' id='word_1_75' title='bbox 1185 526 1323 567; x_wconf 85' lang='lat' dir='ltr'>Signen.)</span> 
     </span>
    </p>
   </div>
   <div class='ocr_carea' id='block_1_7' title="bbox 1450 360 1457 574">
    <p class='ocr_par' dir='ltr' id='par_1_9' title="bbox 1450 360 1457 574">
     <span class='ocr_line' id='line_1_24' title="bbox 1450 360 1457 574; baseline 0 0"><span class='ocrx_word' id='word_1_76' title='bbox 1450 360 1457 574; x_wconf 95' lang='lat' dir='ltr'> </span> 
     </span>
    </p>
   </div>
   <div class='ocr_carea' id='block_1_8' title="bbox 1745 361 1748 573">
    <p class='ocr_par' dir='ltr' id='par_1_10' title="bbox 1745 361 1748 573">
     <span class='ocr_line' id='line_1_25' title="bbox 1745 361 1748 573; baseline 0 2755"><span class='ocrx_word' id='word_1_77' title='bbox 1745 361 1748 573; x_wconf 95' lang='lat' dir='ltr'> </span> 
     </span>
    </p>
   </div>
   <div class='ocr_carea' id='block_1_9' title="bbox 1471 525 2069 567">
    <p class='ocr_par' dir='ltr' id='par_1_11' title="bbox 1471 525 2069 567">
     <span class='ocr_line' id='line_1_26' title="bbox 1471 525 2069 567; baseline 0.003 -11"><span class='ocrx_word' id='word_1_78' title='bbox 1471 527 1547 557; x_wconf 91' lang='lat'>1493</span> <span class='ocrx_word' id='word_1_79' title='bbox 1572 525 1657 567; x_wconf 85' lang='lat' dir='ltr'>Sept.</span> <span class='ocrx_word' id='word_1_80' title='bbox 1682 527 1699 557; x_wconf 93' lang='lat'>6</span> <span class='ocrx_word' id='word_1_81' title='bbox 1762 527 1813 558; x_wconf 89' lang='lat' dir='ltr'>AC</span> <span class='ocrx_word' id='word_1_82' title='bbox 1837 527 1958 558; x_wconf 85' lang='lat' dir='ltr'>Camer.</span> <span class='ocrx_word' id='word_1_83' title='bbox 1982 527 2008 564; x_wconf 90' lang='lat' dir='ltr'>I,</span> <span class='ocrx_word' id='word_1_84' title='bbox 2031 529 2069 558; x_wconf 87' lang='lat'>35</span> 
     </span>
    </p>
   </div>
   <div class='ocr_carea' id='block_1_10' title="bbox 630 626 1726 668">
    <p class='ocr_par' dir='ltr' id='par_1_12' title="bbox 630 626 1726 668">
     <span class='ocr_line' id='line_1_27' title="bbox 630 626 1726 668; baseline -0.003 -6"><span class='ocrx_word' id='word_1_85' title='bbox 630 626 793 662; x_wconf 76' lang='lat' dir='ltr'>oveten.</span> <span class='ocrx_word' id='word_1_86' title='bbox 818 626 997 668; x_wconf 84' lang='lat' dir='ltr'>(Oviedo)</span> <span class='ocrx_word' id='word_1_87' title='bbox 1021 628 1056 659; x_wconf 90' lang='lat' dir='ltr'>in</span> <span class='ocrx_word' id='word_1_88' title='bbox 1081 627 1254 668; x_wconf 77' lang='lat' dir='ltr'>Hispania,</span> <span class='ocrx_word' id='word_1_89' title='bbox 1279 627 1411 659; x_wconf 84' lang='lat' dir='ltr'>immed.</span> <span class='ocrx_word' id='word_1_90' title='bbox 1438 627 1523 668; x_wconf 88' lang='lat' dir='ltr'>subj.</span> <span class='ocrx_word' id='word_1_91' title='bbox 1549 628 1653 668; x_wconf 83' lang='lat'>(1600</span> <span class='ocrx_word' id='word_1_92' title='bbox 1677 628 1726 666; x_wconf 82' lang='lat' dir='ltr'>ss.)</span> 
     </span>
    </p>
   </div>
   <div class='ocr_carea' id='block_1_11' title="bbox 28 708 1970 1230">
    <p class='ocr_par' dir='ltr' id='par_1_13' title="bbox 26 702 1970 1176">
     <span class='ocr_line' id='line_1_28' title="bbox 39 708 1258 751; baseline 0 -9"><span class='ocrx_word' id='word_1_93' title='bbox 39 721 40 724; x_wconf 54' lang='lat'>¹</span> <span class='ocrx_word' id='word_1_94' title='bbox 63 708 116 742; x_wconf 84' lang='grc'>01).</span> <span class='ocrx_word' id='word_1_95' title='bbox 137 708 251 740; x_wconf 78' lang='lat' dir='ltr'>Didaci</span> <span class='ocrx_word' id='word_1_96' title='bbox 273 709 377 749; x_wconf 88' lang='grc'>(1441)</span> <span class='ocrx_word' id='word_1_97' title='bbox 519 710 644 741; x_wconf 71' lang='lat' dir='ltr'>Gal-sias</span> <span class='ocrx_word' id='word_1_98' title='bbox 669 710 861 751; x_wconf 89' lang='lat' dir='ltr'>(Henriquez</span> <span class='ocrx_word' id='word_1_99' title='bbox 887 710 1009 750; x_wconf 83' lang='lat' dir='ltr'>Osorio)</span> <span class='ocrx_word' id='word_1_100' title='bbox 1033 711 1073 742; x_wconf 85' lang='lat' dir='ltr'>de</span> <span class='ocrx_word' id='word_1_101' title='bbox 1098 711 1258 751; x_wconf 79' lang='lat' dir='ltr'>Oxoma1)</span> 
     </span>
     <span class='ocr_line' id='line_1_29' title="bbox 43 761 1970 804; baseline 0 -9"><span class='ocrx_word' id='word_1_102' title='bbox 43 765 106 795; x_wconf 66' lang='lat' dir='ltr'>“¹tr.</span> <span class='ocrx_word' id='word_1_103' title='bbox 135 761 224 794; x_wconf 68' lang='lat' dir='ltr'>Gara.</span> <span class='ocrx_word' id='word_1_104' title='bbox 253 762 294 793; x_wconf 86' lang='lat' dir='ltr'>ad</span> <span class='ocrx_word' id='word_1_105' title='bbox 321 762 483 803; x_wconf 82' lang='lat' dir='ltr'>Hispalen.</span> <span class='ocrx_word' id='word_1_106' title='bbox 516 763 653 794; x_wconf 79' lang='lat' dir='ltr'>Didacus</span> <span class='ocrx_word' id='word_1_107' title='bbox 675 763 847 804; x_wconf 81' lang='lat' dir='ltr'>(Rapad0)‚</span> <span class='ocrx_word' id='word_1_108' title='bbox 870 774 918 804; x_wconf 88' lang='lat' dir='ltr'>ep.</span> <span class='ocrx_word' id='word_1_109' title='bbox 943 763 1068 795; x_wconf 88' lang='lat' dir='ltr'>Aurien.</span> <span class='ocrx_word' id='word_1_110' title='bbox 1472 766 1548 795; x_wconf 85' lang='lat'>1442</span> <span class='ocrx_word' id='word_1_111' title='bbox 1573 764 1648 795; x_wconf 90' lang='lat' dir='ltr'>Julii</span> <span class='ocrx_word' id='word_1_112' title='bbox 1674 765 1708 795; x_wconf 92' lang='lat'>11</span> <span class='ocrx_word' id='word_1_113' title='bbox 1764 765 1833 796; x_wconf 91' lang='lat' dir='ltr'>Obl.</span> <span class='ocrx_word' id='word_1_114' title='bbox 1857 766 1906 802; x_wconf 88' lang='grc'>66,</span> <span class='ocrx_word' id='word_1_115' title='bbox 1929 766 1970 795; x_wconf 91' lang='grc'>60</span> 
     </span>
     <span class='ocr_line' id='line_1_30' title="bbox 40 811 1947 859; baseline 0.001 -12"><span class='ocrx_word' id='word_1_116' title='bbox 40 811 116 859; x_wconf 72' lang='lat' dir='ltr'>³}&#39;&#39;ob.</span> <span class='ocrx_word' id='word_1_117' title='bbox 138 814 251 846; x_wconf 80' lang='lat' dir='ltr'>Didaci</span> <span class='ocrx_word' id='word_1_118' title='bbox 517 816 640 848; x_wconf 76' lang='lat' dir='ltr'>Enecus</span> <span class='ocrx_word' id='word_1_119' title='bbox 669 816 846 857; x_wconf 86' lang='lat' dir='ltr'>(Manrique</span> <span class='ocrx_word' id='word_1_120' title='bbox 874 816 913 847; x_wconf 90' lang='lat' dir='ltr'>de</span> <span class='ocrx_word' id='word_1_121' title='bbox 941 816 1046 856; x_wconf 83' lang='lat' dir='ltr'>Lara),</span> <span class='ocrx_word' id='word_1_122' title='bbox 1075 818 1217 848; x_wconf 84' lang='lat' dir='ltr'>notarius</span> <span class='ocrx_word' id='word_1_123' title='bbox 1245 817 1375 858; x_wconf 83' lang='lat' dir='ltr'>apost.²)</span> <span class='ocrx_word' id='word_1_124' title='bbox 1472 818 1549 848; x_wconf 84' lang='lat'>1444</span> <span class='ocrx_word' id='word_1_125' title='bbox 1572 817 1641 849; x_wconf 88' lang='lat' dir='ltr'>Oct.</span> <span class='ocrx_word' id='word_1_126' title='bbox 1667 819 1703 848; x_wconf 88' lang='lat'>16</span> <span class='ocrx_word' id='word_1_127' title='bbox 1763 818 1833 850; x_wconf 86' lang='lat' dir='ltr'>Obl.</span> <span class='ocrx_word' id='word_1_128' title='bbox 1857 818 1906 856; x_wconf 92' lang='grc'>72,</span> <span class='ocrx_word' id='word_1_129' title='bbox 1930 818 1947 849; x_wconf 91' lang='grc'>7</span> 
     </span>
     <span class='ocr_line' id='line_1_31' title="bbox 42 867 1775 921; baseline 0 -20"><span class='ocrx_word' id='word_1_130' title='bbox 42 877 50 893; x_wconf 70' lang='grc' dir='ltr'>ῑ</span> <span class='ocrx_word' id='word_1_131' title='bbox 64 870 106 901; x_wconf 65' lang='lat' dir='ltr'>tr.</span> <span class='ocrx_word' id='word_1_132' title='bbox 127 868 187 899; x_wconf 82' lang='lat' dir='ltr'>En.</span> <span class='ocrx_word' id='word_1_133' title='bbox 210 867 251 899; x_wconf 81' lang='lat' dir='ltr'>ad</span> <span class='ocrx_word' id='word_1_134' title='bbox 272 868 415 899; x_wconf 83' lang='lat' dir='ltr'>Caurien.</span> <span class='ocrx_word' id='word_1_135' title='bbox 517 869 688 901; x_wconf 75' lang='lat' dir='ltr'>Rodericus</span> <span class='ocrx_word' id='word_1_136' title='bbox 718 869 858 901; x_wconf 86' lang='lat' dir='ltr'>Sanchez</span> <span class='ocrx_word' id='word_1_137' title='bbox 885 869 925 900; x_wconf 83' lang='lat' dir='ltr'>de</span> <span class='ocrx_word' id='word_1_138' title='bbox 953 870 1097 907; x_wconf 79' lang='lat' dir='ltr'>Arevalo‚</span> <span class='ocrx_word' id='word_1_139' title='bbox 1127 874 1236 901; x_wconf 86' lang='lat' dir='ltr'>secret.</span> <span class='ocrx_word' id='word_1_140' title='bbox 1266 871 1313 901; x_wconf 90' lang='lat' dir='ltr'>Pii</span> <span class='ocrx_word' id='word_1_141' title='bbox 1342 870 1374 901; x_wconf 97' lang='grc' dir='ltr'>ΙΙ</span> <span class='ocrx_word' id='word_1_142' title='bbox 1387 870 1412 910; x_wconf 82' lang='lat'>³)</span> <span class='ocrx_word' id='word_1_143' title='bbox 1473 871 1548 901; x_wconf 90' lang='grc'>1457</span> <span class='ocrx_word' id='word_1_144' title='bbox 1571 871 1646 912; x_wconf 91' lang='lat' dir='ltr'>Apr.</span> <span class='ocrx_word' id='word_1_145' title='bbox 1670 872 1708 901; x_wconf 83' lang='lat'>22</span> <span class='ocrx_word' id='word_1_146' title='bbox 1764 870 1775 921; x_wconf 54' lang='lat' dir='ltr'>l</span> 
     </span>
     <span class='ocr_line' id='line_1_32' title="bbox 36 921 1771 967; baseline 0.001 -15"><span class='ocrx_word' id='word_1_147' title='bbox 36 923 105 963; x_wconf 63' lang='lat'>3151.</span> <span class='ocrx_word' id='word_1_148' title='bbox 126 921 186 952; x_wconf 83' lang='lat' dir='ltr'>Ro.</span> <span class='ocrx_word' id='word_1_149' title='bbox 210 921 251 952; x_wconf 84' lang='lat' dir='ltr'>ad</span> <span class='ocrx_word' id='word_1_150' title='bbox 272 921 434 952; x_wconf 85' lang='lat' dir='ltr'>Zamoren.</span> <span class='ocrx_word' id='word_1_151' title='bbox 521 922 660 954; x_wconf 72' lang='lat' dir='ltr'>Joannes</span> <span class='ocrx_word' id='word_1_152' title='bbox 681 922 761 953; x_wconf 85' lang='lat' dir='ltr'>Diaz</span> <span class='ocrx_word' id='word_1_153' title='bbox 782 922 821 953; x_wconf 88' lang='lat' dir='ltr'>de</span> <span class='ocrx_word' id='word_1_154' title='bbox 843 923 925 953; x_wconf 84' lang='lat' dir='ltr'>Coca</span> <span class='ocrx_word' id='word_1_155' title='bbox 1473 924 1548 955; x_wconf 89' lang='grc'>1467</span> <span class='ocrx_word' id='word_1_156' title='bbox 1571 924 1646 955; x_wconf 82' lang='grc' dir='ltr'>Βο0.</span> <span class='ocrx_word' id='word_1_157' title='bbox 1670 924 1710 954; x_wconf 93' lang='grc'>20</span> <span class='ocrx_word' id='word_1_158' title='bbox 1763 924 1771 967; x_wconf 77' lang='lat' dir='ltr'><strong>j</strong></span> 
     </span>
     <span class='ocr_line' id='line_1_33' title="bbox 43 964 1968 1017; baseline 0.002 -11.981"><span class='ocrx_word' id='word_1_159' title='bbox 43 964 47 1002; x_wconf 80' lang='grc' dir='ltr'>ζ</span> <span class='ocrx_word' id='word_1_160' title='bbox 65 977 106 1006; x_wconf 65' lang='grc' dir='ltr'>ιι.</span> <span class='ocrx_word' id='word_1_161' title='bbox 129 974 200 1006; x_wconf 74' lang='lat' dir='ltr'>Joa.</span> <span class='ocrx_word' id='word_1_162' title='bbox 223 973 264 1005; x_wconf 77' lang='lat' dir='ltr'>ad</span> <span class='ocrx_word' id='word_1_163' title='bbox 286 974 428 1015; x_wconf 81' lang='lat' dir='ltr'>Calagur.</span> <span class='ocrx_word' id='word_1_164' title='bbox 519 975 669 1007; x_wconf 69' lang='lat' dir='ltr'>mensus</span> <span class='ocrx_word' id='word_1_165' title='bbox 693 975 893 1015; x_wconf 74' lang='lat' dir='ltr'>(Palenzuela</span> <span class='ocrx_word' id='word_1_166' title='bbox 917 975 954 1007; x_wconf 90' lang='lat' dir='ltr'>o.</span> <span class='ocrx_word' id='word_1_167' title='bbox 979 976 1079 1016; x_wconf 65' lang='lat' dir='ltr'>Min),</span> <span class='ocrx_word' id='word_1_168' title='bbox 1104 987 1152 1017; x_wconf 77' lang='lat' dir='ltr'>ep.</span> <span class='ocrx_word' id='word_1_169' title='bbox 1178 977 1347 1008; x_wconf 64' lang='lat' dir='ltr'>eivitaten.</span> <span class='ocrx_word' id='word_1_170' title='bbox 1474 978 1549 1007; x_wconf 85' lang='lat'>1469</span> <span class='ocrx_word' id='word_1_171' title='bbox 1573 977 1642 1008; x_wconf 71' lang='lat' dir='ltr'>Oct.</span> <span class='ocrx_word' id='word_1_172' title='bbox 1666 977 1706 1008; x_wconf 85' lang='lat'>20</span> <span class='ocrx_word' id='word_1_173' title='bbox 1764 977 1833 1008; x_wconf 91' lang='lat' dir='ltr'>Obl.</span> <span class='ocrx_word' id='word_1_174' title='bbox 1857 978 1907 1014; x_wconf 85' lang='lat'>83,</span> <span class='ocrx_word' id='word_1_175' title='bbox 1933 978 1968 1008; x_wconf 83' lang='lat'>15</span> 
     </span>
     <span class='ocr_line' id='line_1_34' title="bbox 28 1026 1969 1071; baseline 0.001 -12"><span class='ocrx_word' id='word_1_176' title='bbox 28 1059 37 1062; x_wconf 68' lang='grc'>,,</span> <span class='ocrx_word' id='word_1_177' title='bbox 68 1026 121 1059; x_wconf 86' lang='lat' dir='ltr'>ob.</span> <span class='ocrx_word' id='word_1_178' title='bbox 143 1026 191 1058; x_wconf 87' lang='lat' dir='ltr'>Al.</span> <span class='ocrx_word' id='word_1_179' title='bbox 215 1027 307 1066; x_wconf 87' lang='grc'>(1485</span> <span class='ocrx_word' id='word_1_180' title='bbox 328 1027 403 1068; x_wconf 93' lang='lat' dir='ltr'>Apr.</span> <span class='ocrx_word' id='word_1_181' title='bbox 428 1027 477 1067; x_wconf 90' lang='lat'>17)</span> <span class='ocrx_word' id='word_1_182' title='bbox 522 1028 730 1060; x_wconf 74' lang='lat' dir='ltr'>Gundisalvus</span> <span class='ocrx_word' id='word_1_183' title='bbox 755 1028 794 1059; x_wconf 93' lang='lat' dir='ltr'>de</span> <span class='ocrx_word' id='word_1_184' title='bbox 820 1029 1004 1070; x_wconf 59' lang='lat' dir='ltr'>Villadfiego,</span> <span class='ocrx_word' id='word_1_185' title='bbox 1030 1040 1054 1060; x_wconf 85' lang='lat' dir='ltr'>s.</span> <span class='ocrx_word' id='word_1_186' title='bbox 1082 1029 1143 1070; x_wconf 85' lang='lat' dir='ltr'>pal.</span> <span class='ocrx_word' id='word_1_187' title='bbox 1171 1040 1255 1061; x_wconf 85' lang='lat' dir='ltr'>caus.</span> <span class='ocrx_word' id='word_1_188' title='bbox 1282 1029 1409 1060; x_wconf 75' lang='lat' dir='ltr'>auditor</span> <span class='ocrx_word' id='word_1_189' title='bbox 1474 1031 1550 1060; x_wconf 88' lang='grc'>1485</span> <span class='ocrx_word' id='word_1_190' title='bbox 1572 1030 1651 1071; x_wconf 88' lang='lat' dir='ltr'>Aug.</span> <span class='ocrx_word' id='word_1_191' title='bbox 1675 1031 1713 1061; x_wconf 88' lang='lat'>26</span> <span class='ocrx_word' id='word_1_192' title='bbox 1765 1030 1834 1061; x_wconf 84' lang='lat' dir='ltr'>Obl.</span> <span class='ocrx_word' id='word_1_193' title='bbox 1857 1032 1906 1068; x_wconf 85' lang='lat'>83,</span> <span class='ocrx_word' id='word_1_194' title='bbox 1930 1031 1969 1061; x_wconf 88' lang='grc'>98</span> 
     </span>
     <span class='ocr_line' id='line_1_35' title="bbox 35 1077 1382 1125; baseline 0.002 -14"><span class='ocrx_word' id='word_1_195' title='bbox 35 1077 39 1108; x_wconf 75' lang='lat' dir='ltr'>s</span> <span class='ocrx_word' id='word_1_196' title='bbox 68 1080 121 1112; x_wconf 88' lang='lat' dir='ltr'>ob.</span> <span class='ocrx_word' id='word_1_197' title='bbox 145 1080 331 1112; x_wconf 81' lang='lat' dir='ltr'>Gundisalvi</span> <span class='ocrx_word' id='word_1_198' title='bbox 353 1091 381 1111; x_wconf 87' lang='lat' dir='ltr'>a.</span> <span class='ocrx_word' id='word_1_199' title='bbox 404 1091 428 1112; x_wconf 71' lang='lat' dir='ltr'>a.</span> <span class='ocrx_word' id='word_1_200' title='bbox 451 1091 479 1112; x_wconf 85' lang='lat' dir='ltr'>a.</span> <span class='ocrx_word' id='word_1_201' title='bbox 522 1081 661 1113; x_wconf 78' lang='lat' dir='ltr'>Joannes</span> <span class='ocrx_word' id='word_1_202' title='bbox 687 1081 790 1120; x_wconf 81' lang='lat' dir='ltr'>(Arias</span> <span class='ocrx_word' id='word_1_203' title='bbox 816 1082 855 1113; x_wconf 91' lang='lat' dir='ltr'>de</span> <span class='ocrx_word' id='word_1_204' title='bbox 881 1082 1001 1122; x_wconf 82' lang='lat' dir='ltr'>Villar),</span> <span class='ocrx_word' id='word_1_205' title='bbox 1028 1082 1166 1125; x_wconf 83' lang='lat' dir='ltr'>decanus</span> <span class='ocrx_word' id='word_1_206' title='bbox 1191 1082 1382 1124; x_wconf 85' lang='lat' dir='ltr'>Hispalen.⁴¹)</span> 
     </span>
     <span class='ocr_line' id='line_1_36' title="bbox 29 1133 1088 1176; baseline 0.002 -12"><span class='ocrx_word' id='word_1_207' title='bbox 29 1134 43 1147; x_wconf 65' lang='lat'>³</span> <span class='ocrx_word' id='word_1_208' title='bbox 69 1136 109 1165; x_wconf 77' lang='lat' dir='ltr'>tr.</span> <span class='ocrx_word' id='word_1_209' title='bbox 133 1133 184 1164; x_wconf 86' lang='lat' dir='ltr'>Jo.</span> <span class='ocrx_word' id='word_1_210' title='bbox 207 1133 248 1164; x_wconf 86' lang='lat' dir='ltr'>ad</span> <span class='ocrx_word' id='word_1_211' title='bbox 272 1133 434 1174; x_wconf 85' lang='lat' dir='ltr'>Segobien.</span> <span class='ocrx_word' id='word_1_212' title='bbox 522 1135 661 1166; x_wconf 74' lang='lat' dir='ltr'>Joannes</span> <span class='ocrx_word' id='word_1_213' title='bbox 683 1134 807 1174; x_wconf 84' lang='lat' dir='ltr'>(Daza),</span> <span class='ocrx_word' id='word_1_214' title='bbox 830 1145 878 1176; x_wconf 89' lang='lat' dir='ltr'>ep.</span> <span class='ocrx_word' id='word_1_215' title='bbox 903 1135 1088 1166; x_wconf 83' lang='lat' dir='ltr'>Cathanien.</span> 
     </span>
    </p>

    <p class='ocr_par' dir='ltr' id='par_1_14' title="bbox 30 1174 1307 1230">
     <span class='ocr_line' id='line_1_37' title="bbox 30 1186 1307 1230; baseline 0.002 -13"><span class='ocrx_word' id='word_1_216' title='bbox 30 1227 31 1230; x_wconf 13' lang='grc' dir='ltr'><strong>Ἰ</strong></span> <span class='ocrx_word' id='word_1_217' title='bbox 69 1189 109 1218; x_wconf 81' lang='lat' dir='ltr'>tr.</span> <span class='ocrx_word' id='word_1_218' title='bbox 133 1186 184 1218; x_wconf 91' lang='lat' dir='ltr'>Jo.</span> <span class='ocrx_word' id='word_1_219' title='bbox 207 1186 248 1217; x_wconf 87' lang='lat' dir='ltr'>ad</span> <span class='ocrx_word' id='word_1_220' title='bbox 269 1186 416 1228; x_wconf 77' lang='lat' dir='ltr'>carthag.</span> <span class='ocrx_word' id='word_1_221' title='bbox 522 1187 647 1219; x_wconf 74' lang='lat' dir='ltr'>Garsias</span> <span class='ocrx_word' id='word_1_222' title='bbox 668 1187 815 1219; x_wconf 85' lang='lat' dir='ltr'>Ramirez</span> <span class='ocrx_word' id='word_1_223' title='bbox 838 1188 889 1228; x_wconf 91' lang='lat' dir='ltr'>(de</span> <span class='ocrx_word' id='word_1_224' title='bbox 912 1188 993 1219; x_wconf 85' lang='lat' dir='ltr'>Villa</span> <span class='ocrx_word' id='word_1_225' title='bbox 1014 1196 1123 1220; x_wconf 85' lang='lat' dir='ltr'>escusa</span> <span class='ocrx_word' id='word_1_226' title='bbox 1146 1189 1166 1229; x_wconf 90' lang='lat'><strong>†</strong></span> <span class='ocrx_word' id='word_1_227' title='bbox 1190 1189 1307 1228; x_wconf 81' lang='lat'>1508)⁵)</span> 
     </span>
    </p>
   </div>
   <div class='ocr_carea' id='block_1_12' title="bbox 1471 711 1968 750">
    <p class='ocr_par' dir='ltr' id='par_1_15' title="bbox 1471 711 1968 750">
     <span class='ocr_line' id='line_1_38' title="bbox 1471 711 1968 750; baseline 0.002 -8"><span class='ocrx_word' id='word_1_228' title='bbox 1471 712 1545 742; x_wconf 88' lang='lat'>1441</span> <span class='ocrx_word' id='word_1_229' title='bbox 1571 711 1641 742; x_wconf 87' lang='lat' dir='ltr'>Oct.</span> <span class='ocrx_word' id='word_1_230' title='bbox 1664 712 1682 742; x_wconf 93' lang='lat'>9</span> <span class='ocrx_word' id='word_1_231' title='bbox 1763 712 1833 743; x_wconf 93' lang='lat' dir='ltr'>Obl.</span> <span class='ocrx_word' id='word_1_232' title='bbox 1857 713 1906 750; x_wconf 83' lang='lat'>66,</span> <span class='ocrx_word' id='word_1_233' title='bbox 1929 712 1968 743; x_wconf 89' lang='grc'>57</span> 
     </span>
    </p>
   </div>
   <div class='ocr_carea' id='block_1_13' title="bbox 1474 1136 2089 1227">
    <p class='ocr_par' dir='ltr' id='par_1_16' title="bbox 1474 1136 2089 1227">
     <span class='ocr_line' id='line_1_39' title="bbox 1474 1136 2069 1174; baseline 0.002 -8"><span class='ocrx_word' id='word_1_234' title='bbox 1474 1137 1550 1166; x_wconf 88' lang='grc'>1498</span> <span class='ocrx_word' id='word_1_235' title='bbox 1573 1136 1648 1167; x_wconf 87' lang='lat' dir='ltr'>Feb.</span> <span class='ocrx_word' id='word_1_236' title='bbox 1674 1137 1710 1166; x_wconf 89' lang='lat'>14</span> <span class='ocrx_word' id='word_1_237' title='bbox 1764 1137 1816 1167; x_wconf 91' lang='lat' dir='ltr'>AC</span> <span class='ocrx_word' id='word_1_238' title='bbox 1839 1136 1958 1167; x_wconf 87' lang='lat' dir='ltr'>Camer.</span> <span class='ocrx_word' id='word_1_239' title='bbox 1983 1136 2008 1174; x_wconf 94' lang='grc' dir='ltr'>Ι,</span> <span class='ocrx_word' id='word_1_240' title='bbox 2031 1138 2069 1167; x_wconf 91' lang='grc'>62</span> 
     </span>
     <span class='ocr_line' id='line_1_40' title="bbox 1474 1189 2089 1227; baseline 0 -7"><span class='ocrx_word' id='word_1_241' title='bbox 1474 1190 1550 1220; x_wconf 87' lang='grc'>1502</span> <span class='ocrx_word' id='word_1_242' title='bbox 1573 1189 1666 1220; x_wconf 89' lang='lat' dir='ltr'>Mart.</span> <span class='ocrx_word' id='word_1_243' title='bbox 1699 1190 1734 1219; x_wconf 90' lang='lat'>16</span> <span class='ocrx_word' id='word_1_244' title='bbox 1765 1190 1817 1220; x_wconf 82' lang='lat' dir='ltr'>AO</span> <span class='ocrx_word' id='word_1_245' title='bbox 1839 1190 1959 1220; x_wconf 87' lang='lat' dir='ltr'>Camer.</span> <span class='ocrx_word' id='word_1_246' title='bbox 1982 1189 2008 1227; x_wconf 92' lang='grc' dir='ltr'>Ι,</span> <span class='ocrx_word' id='word_1_247' title='bbox 2034 1191 2089 1220; x_wconf 90' lang='lat'>106</span> 
     </span>
    </p>
   </div>
   <div class='ocr_carea' id='block_1_14' title="bbox 629 1287 1735 1331">
    <p class='ocr_par' dir='ltr' id='par_1_17' title="bbox 629 1287 1735 1331">
     <span class='ocr_line' id='line_1_41' title="bbox 629 1287 1735 1331; baseline -0.001 -9"><span class='ocrx_word' id='word_1_248' title='bbox 629 1287 816 1322; x_wconf 81' lang='lat' dir='ltr'>oxomen.</span> <span class='ocrx_word' id='word_1_249' title='bbox 841 1288 988 1330; x_wconf 80' lang='lat' dir='ltr'>(Osma)</span> <span class='ocrx_word' id='word_1_250' title='bbox 1012 1290 1046 1321; x_wconf 91' lang='lat' dir='ltr'>in</span> <span class='ocrx_word' id='word_1_251' title='bbox 1069 1290 1242 1331; x_wconf 81' lang='lat' dir='ltr'>Hispania,</span> <span class='ocrx_word' id='word_1_252' title='bbox 1266 1290 1358 1322; x_wconf 84' lang='lat' dir='ltr'>suffr.</span> <span class='ocrx_word' id='word_1_253' title='bbox 1383 1290 1532 1322; x_wconf 83' lang='lat' dir='ltr'>Toletan.</span> <span class='ocrx_word' id='word_1_254' title='bbox 1562 1290 1662 1330; x_wconf 87' lang='grc'>(1800</span> <span class='ocrx_word' id='word_1_255' title='bbox 1687 1290 1735 1331; x_wconf 90' lang='lat' dir='ltr'>ss.)</span> 
     </span>
    </p>
   </div>
   <div class='ocr_carea' id='block_1_15' title="bbox 27 1371 1946 1415">
    <p class='ocr_par' dir='ltr' id='par_1_18' title="bbox 27 1358 1946 1415">
     <span class='ocr_line' id='line_1_42' title="bbox 27 1371 1946 1415; baseline 0.002 -13"><span class='ocrx_word' id='word_1_256' title='bbox 27 1378 39 1391; x_wconf 67' lang='lat'>²</span> <span class='ocrx_word' id='word_1_257' title='bbox 68 1374 108 1403; x_wconf 81' lang='lat' dir='ltr'>tr.</span> <span class='ocrx_word' id='word_1_258' title='bbox 132 1371 204 1403; x_wconf 85' lang='lat' dir='ltr'>Joa.</span> <span class='ocrx_word' id='word_1_259' title='bbox 226 1371 267 1402; x_wconf 81' lang='lat' dir='ltr'>ad</span> <span class='ocrx_word' id='word_1_260' title='bbox 288 1371 451 1413; x_wconf 81' lang='lat' dir='ltr'>Hispalen.</span> <span class='ocrx_word' id='word_1_261' title='bbox 518 1372 628 1404; x_wconf 80' lang='lat' dir='ltr'>Petrus</span> <span class='ocrx_word' id='word_1_262' title='bbox 652 1372 703 1412; x_wconf 89' lang='lat' dir='ltr'>(de</span> <span class='ocrx_word' id='word_1_263' title='bbox 726 1373 878 1412; x_wconf 84' lang='lat' dir='ltr'>Castilla),</span> <span class='ocrx_word' id='word_1_264' title='bbox 903 1373 1003 1404; x_wconf 82' lang='lat' dir='ltr'>adiac.</span> <span class='ocrx_word' id='word_1_265' title='bbox 1028 1373 1100 1405; x_wconf 88' lang='lat' dir='ltr'>eccl.</span> <span class='ocrx_word' id='word_1_266' title='bbox 1128 1373 1363 1413; x_wconf 78' lang='lat' dir='ltr'>salamantin.1)</span> <span class='ocrx_word' id='word_1_267' title='bbox 1471 1375 1547 1405; x_wconf 89' lang='lat'>1433</span> <span class='ocrx_word' id='word_1_268' title='bbox 1571 1375 1645 1415; x_wconf 89' lang='lat' dir='ltr'>Apr.</span> <span class='ocrx_word' id='word_1_269' title='bbox 1669 1376 1707 1405; x_wconf 91' lang='grc'>22</span> <span class='ocrx_word' id='word_1_270' title='bbox 1762 1374 1833 1406; x_wconf 87' lang='lat' dir='ltr'>Obl.</span> <span class='ocrx_word' id='word_1_271' title='bbox 1857 1376 1906 1412; x_wconf 87' lang='lat'>66,</span> <span class='ocrx_word' id='word_1_272' title='bbox 1932 1377 1946 1405; x_wconf 94' lang='grc'>1</span> 
     </span>
    </p>
   </div>
   <div class='ocr_carea' id='block_1_16' title="bbox 28 1410 1969 1575">
    <p class='ocr_par' dir='ltr' id='par_1_19' title="bbox 28 1410 1969 1575">
     <span class='ocr_line' id='line_1_43' title="bbox 30 1410 1966 1474; baseline 0.002 -19"><span class='ocrx_word' id='word_1_273' title='bbox 30 1410 37 1474; x_wconf 20' lang='lat'>5*</span> <span class='ocrx_word' id='word_1_274' title='bbox 68 1427 108 1456; x_wconf 79' lang='lat' dir='ltr'>tr.</span> <span class='ocrx_word' id='word_1_275' title='bbox 131 1423 217 1456; x_wconf 84' lang='lat' dir='ltr'>Petri</span> <span class='ocrx_word' id='word_1_276' title='bbox 239 1424 282 1455; x_wconf 80' lang='lat' dir='ltr'>ad</span> <span class='ocrx_word' id='word_1_277' title='bbox 303 1424 486 1464; x_wconf 76' lang='lat' dir='ltr'>Palentin.²)</span> <span class='ocrx_word' id='word_1_278' title='bbox 517 1425 672 1457; x_wconf 76' lang='lat' dir='ltr'>Robertus</span> <span class='ocrx_word' id='word_1_279' title='bbox 697 1425 737 1457; x_wconf 88' lang='grc'>(10</span> <span class='ocrx_word' id='word_1_280' title='bbox 762 1426 867 1466; x_wconf 85' lang='lat' dir='ltr'>Moya,</span> <span class='ocrx_word' id='word_1_281' title='bbox 894 1426 994 1457; x_wconf 83' lang='lat' dir='ltr'>abbas</span> <span class='ocrx_word' id='word_1_282' title='bbox 1019 1437 1103 1457; x_wconf 90' lang='lat' dir='ltr'>mon.</span> <span class='ocrx_word' id='word_1_283' title='bbox 1130 1427 1304 1458; x_wconf 85' lang='lat' dir='ltr'>Vallisoleti</span> <span class='ocrx_word' id='word_1_284' title='bbox 1471 1428 1549 1458; x_wconf 89' lang='lat'>1440</span> <span class='ocrx_word' id='word_1_285' title='bbox 1570 1428 1645 1469; x_wconf 91' lang='lat' dir='ltr'>Apr.</span> <span class='ocrx_word' id='word_1_286' title='bbox 1669 1429 1687 1458; x_wconf 93' lang='lat'>6</span> <span class='ocrx_word' id='word_1_287' title='bbox 1763 1427 1833 1459; x_wconf 94' lang='lat' dir='ltr'>Obl.</span> <span class='ocrx_word' id='word_1_288' title='bbox 1858 1429 1906 1465; x_wconf 92' lang='grc'>66,</span> <span class='ocrx_word' id='word_1_289' title='bbox 1929 1429 1966 1459; x_wconf 95' lang='grc'>51</span> 
     </span>
     <span class='ocr_line' id='line_1_44' title="bbox 28 1477 1969 1528; baseline 0.001 -18"><span class='ocrx_word' id='word_1_290' title='bbox 28 1492 29 1497; x_wconf 59' lang='grc'>’</span> <span class='ocrx_word' id='word_1_291' title='bbox 67 1477 119 1510; x_wconf 86' lang='grc'>01).</span> <span class='ocrx_word' id='word_1_292' title='bbox 141 1477 274 1528; x_wconf 86' lang='lat' dir='ltr'>Roberti</span> <span class='ocrx_word' id='word_1_293' title='bbox 517 1478 627 1510; x_wconf 78' lang='lat' dir='ltr'>Petrus</span> <span class='ocrx_word' id='word_1_294' title='bbox 654 1478 799 1510; x_wconf 86' lang='lat' dir='ltr'>Dehuete</span> <span class='ocrx_word' id='word_1_295' title='bbox 828 1479 1017 1520; x_wconf 83' lang='lat' dir='ltr'>(Montoya),</span> <span class='ocrx_word' id='word_1_296' title='bbox 1045 1480 1154 1511; x_wconf 79' lang='lat' dir='ltr'>decan.</span> <span class='ocrx_word' id='word_1_297' title='bbox 1183 1480 1256 1512; x_wconf 88' lang='lat' dir='ltr'>eccl.</span> <span class='ocrx_word' id='word_1_298' title='bbox 1285 1480 1427 1512; x_wconf 85' lang='lat' dir='ltr'>Toletan.</span> <span class='ocrx_word' id='word_1_299' title='bbox 1471 1482 1548 1512; x_wconf 86' lang='lat'>1454</span> <span class='ocrx_word' id='word_1_300' title='bbox 1572 1481 1645 1512; x_wconf 88' lang='lat' dir='ltr'>Jan.</span> <span class='ocrx_word' id='word_1_301' title='bbox 1669 1482 1687 1511; x_wconf 88' lang='grc'>9</span> <span class='ocrx_word' id='word_1_302' title='bbox 1763 1480 1833 1512; x_wconf 92' lang='lat' dir='ltr'>Obl.</span> <span class='ocrx_word' id='word_1_303' title='bbox 1857 1481 1906 1518; x_wconf 87' lang='grc'>72,</span> <span class='ocrx_word' id='word_1_304' title='bbox 1930 1482 1969 1511; x_wconf 92' lang='grc'>60</span> 
     </span>
     <span class='ocr_line' id='line_1_45' title="bbox 28 1530 1968 1575; baseline 0.002 -13"><span class='ocrx_word' id='word_1_305' title='bbox 28 1533 42 1570; x_wconf 71' lang='lat' dir='ltr'>J</span> <span class='ocrx_word' id='word_1_306' title='bbox 67 1530 118 1563; x_wconf 89' lang='lat' dir='ltr'>ob.</span> <span class='ocrx_word' id='word_1_307' title='bbox 135 1530 220 1562; x_wconf 88' lang='lat' dir='ltr'>Petri</span> <span class='ocrx_word' id='word_1_308' title='bbox 236 1530 327 1571; x_wconf 87' lang='lat'>(1475</span> <span class='ocrx_word' id='word_1_309' title='bbox 342 1530 418 1562; x_wconf 81' lang='lat' dir='ltr'>Feb.</span> <span class='ocrx_word' id='word_1_310' title='bbox 437 1532 485 1570; x_wconf 96' lang='lat'>18)</span> <span class='ocrx_word' id='word_1_311' title='bbox 517 1531 701 1563; x_wconf 76' lang='lat' dir='ltr'>Franciseus</span> <span class='ocrx_word' id='word_1_312' title='bbox 722 1532 761 1563; x_wconf 92' lang='lat' dir='ltr'>de</span> <span class='ocrx_word' id='word_1_313' title='bbox 786 1532 961 1564; x_wconf 85' lang='lat' dir='ltr'>Santillana</span> <span class='ocrx_word' id='word_1_314' title='bbox 974 1532 998 1572; x_wconf 80' lang='lat'>3)</span> <span class='ocrx_word' id='word_1_315' title='bbox 1471 1534 1548 1565; x_wconf 84' lang='lat'>1475</span> <span class='ocrx_word' id='word_1_316' title='bbox 1570 1534 1644 1575; x_wconf 90' lang='lat' dir='ltr'>Apr.</span> <span class='ocrx_word' id='word_1_317' title='bbox 1668 1535 1687 1564; x_wconf 90' lang='lat'>5</span> <span class='ocrx_word' id='word_1_318' title='bbox 1763 1533 1833 1565; x_wconf 89' lang='lat' dir='ltr'>Obl.</span> <span class='ocrx_word' id='word_1_319' title='bbox 1856 1535 1905 1571; x_wconf 87' lang='lat'>83,</span> <span class='ocrx_word' id='word_1_320' title='bbox 1930 1535 1968 1565; x_wconf 90' lang='lat'>36</span> 
     </span>
    </p>
   </div>
   <div class='ocr_carea' id='block_1_17' title="bbox 37 1583 1375 1734">
    <p class='ocr_par' dir='ltr' id='par_1_20' title="bbox 32 1583 1375 1743">
     <span class='ocr_line' id='line_1_46' title="bbox 39 1583 1355 1627; baseline 0.002 -11.984"><span class='ocrx_word' id='word_1_321' title='bbox 39 1594 47 1613; x_wconf 53' lang='lat' dir='ltr'>a</span> <span class='ocrx_word' id='word_1_322' title='bbox 67 1583 118 1615; x_wconf 85' lang='lat' dir='ltr'>ob.</span> <span class='ocrx_word' id='word_1_323' title='bbox 132 1583 243 1615; x_wconf 86' lang='lat' dir='ltr'>Franc.</span> <span class='ocrx_word' id='word_1_324' title='bbox 258 1585 299 1624; x_wconf 79' lang='lat' dir='ltr'>(a.</span> <span class='ocrx_word' id='word_1_325' title='bbox 313 1595 337 1615; x_wconf 85' lang='lat' dir='ltr'>s.</span> <span class='ocrx_word' id='word_1_326' title='bbox 351 1595 379 1615; x_wconf 81' lang='lat' dir='ltr'>a.</span> <span class='ocrx_word' id='word_1_327' title='bbox 396 1584 485 1624; x_wconf 89' lang='grc'>1478)</span> <span class='ocrx_word' id='word_1_328' title='bbox 517 1585 627 1616; x_wconf 80' lang='lat' dir='ltr'>Petrus</span> <span class='ocrx_word' id='word_1_329' title='bbox 651 1585 690 1616; x_wconf 87' lang='lat' dir='ltr'>de</span> <span class='ocrx_word' id='word_1_330' title='bbox 714 1585 877 1623; x_wconf 83' lang='lat' dir='ltr'>Mendoza,</span> <span class='ocrx_word' id='word_1_331' title='bbox 903 1585 988 1617; x_wconf 84' lang='lat' dir='ltr'>card.</span> <span class='ocrx_word' id='word_1_332' title='bbox 1014 1590 1046 1617; x_wconf 89' lang='lat' dir='ltr'>et</span> <span class='ocrx_word' id='word_1_333' title='bbox 1070 1597 1139 1627; x_wconf 83' lang='lat' dir='ltr'>aep.</span> <span class='ocrx_word' id='word_1_334' title='bbox 1165 1586 1355 1627; x_wconf 82' lang='lat' dir='ltr'>Hispalen.⁴¹)</span> 
     </span>
     <span class='ocr_line' id='line_1_47' title="bbox 37 1637 1367 1679; baseline 0.002 -11"><span class='ocrx_word' id='word_1_335' title='bbox 37 1648 46 1655; x_wconf 56' lang='lat'>¹*</span> <span class='ocrx_word' id='word_1_336' title='bbox 66 1646 125 1669; x_wconf 78' lang='lat' dir='ltr'>res.</span> <span class='ocrx_word' id='word_1_337' title='bbox 147 1637 233 1668; x_wconf 83' lang='lat' dir='ltr'>Petri</span> <span class='ocrx_word' id='word_1_338' title='bbox 517 1638 659 1674; x_wconf 77' lang='lat' dir='ltr'>Raphael</span> <span class='ocrx_word' id='word_1_339' title='bbox 682 1638 834 1678; x_wconf 86' lang='lat' dir='ltr'>(Ricario)</span> <span class='ocrx_word' id='word_1_340' title='bbox 861 1639 892 1670; x_wconf 89' lang='lat' dir='ltr'>S.</span> <span class='ocrx_word' id='word_1_341' title='bbox 917 1639 956 1670; x_wconf 88' lang='lat' dir='ltr'>R.</span> <span class='ocrx_word' id='word_1_342' title='bbox 983 1639 1019 1670; x_wconf 85' lang='lat' dir='ltr'>E.</span> <span class='ocrx_word' id='word_1_343' title='bbox 1044 1639 1140 1677; x_wconf 65' lang='lat' dir='ltr'>card„</span> <span class='ocrx_word' id='word_1_344' title='bbox 1165 1640 1200 1670; x_wconf 77' lang='lat' dir='ltr'>in</span> <span class='ocrx_word' id='word_1_345' title='bbox 1223 1639 1367 1679; x_wconf 72' lang='lat' dir='ltr'>admin.⁵)</span> 
     </span>
     <span class='ocr_line' id='line_1_48' title="bbox 46 1690 1375 1734; baseline 0.002 -12.975"><span class='ocrx_word' id='word_1_346' title='bbox 46 1699 142 1722; x_wconf 62' lang='lat' dir='ltr'>1eees.</span> <span class='ocrx_word' id='word_1_347' title='bbox 164 1690 269 1732; x_wconf 75' lang='lat' dir='ltr'>Raph.</span> <span class='ocrx_word' id='word_1_348' title='bbox 292 1690 376 1721; x_wconf 80' lang='lat' dir='ltr'>card.</span> <span class='ocrx_word' id='word_1_349' title='bbox 517 1691 667 1722; x_wconf 72' lang='lat' dir='ltr'>Alionsus</span> <span class='ocrx_word' id='word_1_350' title='bbox 689 1691 741 1731; x_wconf 91' lang='lat' dir='ltr'>(de</span> <span class='ocrx_word' id='word_1_351' title='bbox 763 1691 925 1731; x_wconf 85' lang='lat' dir='ltr'>Fonseca),</span> <span class='ocrx_word' id='word_1_352' title='bbox 949 1703 997 1733; x_wconf 91' lang='lat' dir='ltr'>ep.</span> <span class='ocrx_word' id='word_1_353' title='bbox 1021 1692 1176 1724; x_wconf 87' lang='lat' dir='ltr'>Oonchen.</span> <span class='ocrx_word' id='word_1_354' title='bbox 1204 1693 1236 1734; x_wconf 85' lang='lat'>(†</span> <span class='ocrx_word' id='word_1_355' title='bbox 1256 1693 1375 1733; x_wconf 80' lang='lat'>1505)⁶)</span> 
     </span>
    </p>
   </div>
   <div class='ocr_carea' id='block_1_18' title="bbox 1471 1587 2069 1731">
    <p class='ocr_par' dir='ltr' id='par_1_21' title="bbox 1471 1587 2069 1731">
     <span class='ocr_line' id='line_1_49' title="bbox 1471 1587 1968 1624; baseline 0.002 -7"><span class='ocrx_word' id='word_1_356' title='bbox 1471 1588 1547 1618; x_wconf 83' lang='lat'>1482</span> <span class='ocrx_word' id='word_1_357' title='bbox 1572 1587 1649 1618; x_wconf 88' lang='lat' dir='ltr'>Julii</span> <span class='ocrx_word' id='word_1_358' title='bbox 1671 1588 1689 1617; x_wconf 93' lang='lat'>8</span> <span class='ocrx_word' id='word_1_359' title='bbox 1762 1587 1833 1618; x_wconf 91' lang='lat' dir='ltr'>Obl.</span> <span class='ocrx_word' id='word_1_360' title='bbox 1856 1588 1905 1624; x_wconf 87' lang='lat'>83,</span> <span class='ocrx_word' id='word_1_361' title='bbox 1930 1587 1968 1618; x_wconf 92' lang='lat'>78</span> 
     </span>
     <span class='ocr_line' id='line_1_50' title="bbox 1471 1640 1968 1678; baseline 0.002 -8"><span class='ocrx_word' id='word_1_362' title='bbox 1471 1641 1547 1671; x_wconf 88' lang='lat'>1483</span> <span class='ocrx_word' id='word_1_363' title='bbox 1571 1641 1644 1672; x_wconf 84' lang='lat' dir='ltr'>Jan.</span> <span class='ocrx_word' id='word_1_364' title='bbox 1670 1641 1707 1670; x_wconf 92' lang='lat'>15</span> <span class='ocrx_word' id='word_1_365' title='bbox 1762 1640 1833 1672; x_wconf 93' lang='lat' dir='ltr'>Obl.</span> <span class='ocrx_word' id='word_1_366' title='bbox 1857 1641 1905 1678; x_wconf 87' lang='lat'>83,</span> <span class='ocrx_word' id='word_1_367' title='bbox 1929 1641 1968 1671; x_wconf 88' lang='lat'>83</span> 
     </span>
     <span class='ocr_line' id='line_1_51' title="bbox 1471 1693 2069 1731; baseline 0 -7"><span class='ocrx_word' id='word_1_368' title='bbox 1471 1694 1547 1724; x_wconf 92' lang='lat'>1493</span> <span class='ocrx_word' id='word_1_369' title='bbox 1569 1693 1644 1724; x_wconf 82' lang='lat' dir='ltr'>Maii</span> <span class='ocrx_word' id='word_1_370' title='bbox 1666 1694 1705 1723; x_wconf 89' lang='lat'>24</span> <span class='ocrx_word' id='word_1_371' title='bbox 1761 1693 1813 1724; x_wconf 88' lang='lat' dir='ltr'>AC</span> <span class='ocrx_word' id='word_1_372' title='bbox 1837 1693 1957 1724; x_wconf 85' lang='lat' dir='ltr'>Camer.</span> <span class='ocrx_word' id='word_1_373' title='bbox 1981 1693 2007 1731; x_wconf 91' lang='lat' dir='ltr'>I,</span> <span class='ocrx_word' id='word_1_374' title='bbox 2029 1695 2069 1724; x_wconf 90' lang='lat'>34</span> 
     </span>
    </p>
   </div>
   <div class='ocr_carea' id='block_1_19' title="bbox 575 1792 1777 1837">
    <p class='ocr_par' dir='ltr' id='par_1_22' title="bbox 575 1792 1777 1837">
     <span class='ocr_line' id='line_1_52' title="bbox 575 1792 1777 1837; baseline 0 -11"><span class='ocrx_word' id='word_1_375' title='bbox 575 1792 722 1827; x_wconf 69' lang='lat' dir='ltr'>Pacen-</span> <span class='ocrx_word' id='word_1_376' title='bbox 747 1792 952 1837; x_wconf 78' lang='lat' dir='ltr'>(Badajoz)</span> <span class='ocrx_word' id='word_1_377' title='bbox 975 1794 1009 1825; x_wconf 89' lang='lat' dir='ltr'>in</span> <span class='ocrx_word' id='word_1_378' title='bbox 1035 1794 1204 1835; x_wconf 82' lang='lat' dir='ltr'>Hispania,</span> <span class='ocrx_word' id='word_1_379' title='bbox 1229 1794 1319 1826; x_wconf 86' lang='lat' dir='ltr'>suffr.</span> <span class='ocrx_word' id='word_1_380' title='bbox 1344 1794 1600 1836; x_wconf 79' lang='lat' dir='ltr'>Compostellan.</span> <span class='ocrx_word' id='word_1_381' title='bbox 1627 1795 1706 1834; x_wconf 89' lang='lat'>(300</span> <span class='ocrx_word' id='word_1_382' title='bbox 1729 1795 1777 1835; x_wconf 91' lang='lat' dir='ltr'>ss.)</span> 
     </span>
    </p>
   </div>
   <div class='ocr_carea' id='block_1_20' title="bbox 34 1872 1382 2132">
    <p class='ocr_par' dir='ltr' id='par_1_23' title="bbox 37 1872 1338 1919">
     <span class='ocr_line' id='line_1_53' title="bbox 37 1872 1338 1919; baseline 0.002 -12"><span class='ocrx_word' id='word_1_383' title='bbox 37 1872 39 1874; x_wconf 52' lang='grc'>’</span> <span class='ocrx_word' id='word_1_384' title='bbox 66 1875 118 1908; x_wconf 85' lang='grc'>01).</span> <span class='ocrx_word' id='word_1_385' title='bbox 142 1876 193 1908; x_wconf 88' lang='lat' dir='ltr'>Jo.</span> <span class='ocrx_word' id='word_1_386' title='bbox 215 1876 293 1907; x_wconf 88' lang='lat' dir='ltr'>Mor.</span> <span class='ocrx_word' id='word_1_387' title='bbox 316 1877 420 1916; x_wconf 89' lang='lat'>(1443)</span> <span class='ocrx_word' id='word_1_388' title='bbox 516 1877 702 1909; x_wconf 73' lang='lat' dir='ltr'>Laurentius</span> <span class='ocrx_word' id='word_1_389' title='bbox 732 1877 783 1917; x_wconf 87' lang='lat' dir='ltr'>(de</span> <span class='ocrx_word' id='word_1_390' title='bbox 812 1877 989 1918; x_wconf 86' lang='lat' dir='ltr'>Figueroa),</span> <span class='ocrx_word' id='word_1_391' title='bbox 1019 1878 1119 1909; x_wconf 84' lang='lat' dir='ltr'>adiac.</span> <span class='ocrx_word' id='word_1_392' title='bbox 1150 1878 1207 1919; x_wconf 88' lang='lat' dir='ltr'>ips.</span> <span class='ocrx_word' id='word_1_393' title='bbox 1237 1878 1338 1918; x_wconf 87' lang='lat' dir='ltr'>eccl.¹)</span> 
     </span>
    </p>

    <p class='ocr_par' dir='ltr' id='par_1_24' title="bbox 39 1928 1262 1972">
     <span class='ocr_line' id='line_1_54' title="bbox 42 1928 1262 1972; baseline 0.002 -11.993"><span class='ocrx_word' id='word_1_394' title='bbox 42 1936 45 1939; x_wconf 74' lang='grc'><strong>“</strong></span> <span class='ocrx_word' id='word_1_395' title='bbox 65 1928 117 1960; x_wconf 92' lang='lat' dir='ltr'>ob.</span> <span class='ocrx_word' id='word_1_396' title='bbox 138 1929 301 1960; x_wconf 79' lang='lat' dir='ltr'>Laurentii</span> <span class='ocrx_word' id='word_1_397' title='bbox 515 1930 626 1962; x_wconf 77' lang='lat' dir='ltr'>Petrus</span> <span class='ocrx_word' id='word_1_398' title='bbox 651 1930 702 1970; x_wconf 91' lang='lat' dir='ltr'>(de</span> <span class='ocrx_word' id='word_1_399' title='bbox 729 1930 815 1961; x_wconf 84' lang='lat' dir='ltr'>Silva</span> <span class='ocrx_word' id='word_1_400' title='bbox 839 1930 875 1962; x_wconf 85' lang='lat' dir='ltr'>O.</span> <span class='ocrx_word' id='word_1_401' title='bbox 901 1931 1037 1971; x_wconf 84' lang='lat' dir='ltr'>Praed.)‚</span> <span class='ocrx_word' id='word_1_402' title='bbox 1062 1942 1110 1972; x_wconf 89' lang='lat' dir='ltr'>ep.</span> <span class='ocrx_word' id='word_1_403' title='bbox 1136 1931 1262 1963; x_wconf 88' lang='lat' dir='ltr'>Aurien.</span> 
     </span>
    </p>

    <p class='ocr_par' dir='ltr' id='par_1_25' title="bbox 34 1981 1382 2132">
     <span class='ocr_line' id='line_1_55' title="bbox 41 1981 1301 2025; baseline 0.001 -11"><span class='ocrx_word' id='word_1_404' title='bbox 41 2010 43 2014; x_wconf 93' lang='lat'>.</span> <span class='ocrx_word' id='word_1_405' title='bbox 65 1981 117 2014; x_wconf 85' lang='lat' dir='ltr'>ob.</span> <span class='ocrx_word' id='word_1_406' title='bbox 138 1982 173 2014; x_wconf 91' lang='lat' dir='ltr'>P.</span> <span class='ocrx_word' id='word_1_407' title='bbox 196 1982 288 2022; x_wconf 90' lang='lat'>(1479</span> <span class='ocrx_word' id='word_1_408' title='bbox 311 1982 384 2014; x_wconf 86' lang='lat' dir='ltr'>Jan.</span> <span class='ocrx_word' id='word_1_409' title='bbox 406 1982 484 2022; x_wconf 81' lang='lat'>20)2)</span> <span class='ocrx_word' id='word_1_410' title='bbox 518 1983 679 2015; x_wconf 71' lang='lat' dir='ltr'>Gometius</span> <span class='ocrx_word' id='word_1_411' title='bbox 705 1983 756 2023; x_wconf 89' lang='lat' dir='ltr'>(de</span> <span class='ocrx_word' id='word_1_412' title='bbox 782 1984 958 2025; x_wconf 86' lang='lat' dir='ltr'>Figueroa),</span> <span class='ocrx_word' id='word_1_413' title='bbox 985 1984 1084 2015; x_wconf 86' lang='lat' dir='ltr'>adiac.</span> <span class='ocrx_word' id='word_1_414' title='bbox 1111 1984 1150 2015; x_wconf 90' lang='lat' dir='ltr'>de</span> <span class='ocrx_word' id='word_1_415' title='bbox 1176 1984 1301 2024; x_wconf 78' lang='lat' dir='ltr'>Heres³)</span> 
     </span>
     <span class='ocr_line' id='line_1_56' title="bbox 44 2034 1382 2079; baseline 0.001 -11"><span class='ocrx_word' id='word_1_416' title='bbox 44 2034 117 2069; x_wconf 18' lang='lat' dir='ltr'>rob.</span> <span class='ocrx_word' id='word_1_417' title='bbox 131 2034 222 2067; x_wconf 84' lang='lat' dir='ltr'>Gom.</span> <span class='ocrx_word' id='word_1_418' title='bbox 235 2036 327 2076; x_wconf 84' lang='lat'>(1485</span> <span class='ocrx_word' id='word_1_419' title='bbox 338 2035 420 2066; x_wconf 91' lang='lat' dir='ltr'>Nov.</span> <span class='ocrx_word' id='word_1_420' title='bbox 435 2036 484 2075; x_wconf 93' lang='lat'>10)</span> <span class='ocrx_word' id='word_1_421' title='bbox 515 2036 625 2068; x_wconf 82' lang='lat' dir='ltr'>Petms</span> <span class='ocrx_word' id='word_1_422' title='bbox 648 2036 814 2076; x_wconf 88' lang='lat' dir='ltr'>(Ximenez</span> <span class='ocrx_word' id='word_1_423' title='bbox 836 2037 875 2068; x_wconf 88' lang='lat' dir='ltr'>de</span> <span class='ocrx_word' id='word_1_424' title='bbox 898 2037 1077 2077; x_wconf 82' lang='lat' dir='ltr'>Prexamo),</span> <span class='ocrx_word' id='word_1_425' title='bbox 1100 2037 1167 2068; x_wconf 90' lang='lat' dir='ltr'>dec.</span> <span class='ocrx_word' id='word_1_426' title='bbox 1191 2037 1382 2079; x_wconf 82' lang='lat' dir='ltr'>Hispalen.⁴)</span> 
     </span>
     <span class='ocr_line' id='line_1_57' title="bbox 34 2087 1199 2132; baseline 0.002 -13"><span class='ocrx_word' id='word_1_427' title='bbox 34 2087 35 2090; x_wconf 66' lang='grc'>’</span> <span class='ocrx_word' id='word_1_428' title='bbox 65 2090 106 2120; x_wconf 81' lang='lat' dir='ltr'>tr.</span> <span class='ocrx_word' id='word_1_429' title='bbox 125 2088 211 2120; x_wconf 83' lang='lat' dir='ltr'>Petri</span> <span class='ocrx_word' id='word_1_430' title='bbox 229 2088 270 2120; x_wconf 78' lang='lat' dir='ltr'>ad</span> <span class='ocrx_word' id='word_1_431' title='bbox 289 2088 431 2120; x_wconf 72' lang='lat' dir='ltr'>Cam-ian.</span> <span class='ocrx_word' id='word_1_432' title='bbox 514 2089 725 2121; x_wconf 73' lang='lat' dir='ltr'>Bernardinus</span> <span class='ocrx_word' id='word_1_433' title='bbox 747 2089 930 2132; x_wconf 83' lang='lat' dir='ltr'>(Carvajal),</span> <span class='ocrx_word' id='word_1_434' title='bbox 953 2101 1001 2132; x_wconf 87' lang='lat' dir='ltr'>ep.</span> <span class='ocrx_word' id='word_1_435' title='bbox 1025 2090 1199 2122; x_wconf 81' lang='lat' dir='ltr'>Astoricen.</span> 
     </span>
    </p>
   </div>
   <div class='ocr_carea' id='block_1_21' title="bbox 1469 1878 1946 1916">
    <p class='ocr_par' dir='ltr' id='par_1_26' title="bbox 1469 1878 1946 1916">
     <span class='ocr_line' id='line_1_58' title="bbox 1469 1878 1946 1916; baseline -0.002 -6"><span class='ocrx_word' id='word_1_436' title='bbox 1469 1880 1546 1910; x_wconf 89' lang='lat'>1444</span> <span class='ocrx_word' id='word_1_437' title='bbox 1567 1879 1661 1910; x_wconf 86' lang='lat' dir='ltr'>Mart.</span> <span class='ocrx_word' id='word_1_438' title='bbox 1687 1880 1723 1909; x_wconf 92' lang='lat'>16</span> <span class='ocrx_word' id='word_1_439' title='bbox 1762 1879 1831 1910; x_wconf 90' lang='lat' dir='ltr'>Obl.</span> <span class='ocrx_word' id='word_1_440' title='bbox 1856 1878 1905 1916; x_wconf 84' lang='lat'>72,</span> <span class='ocrx_word' id='word_1_441' title='bbox 1928 1880 1946 1909; x_wconf 95' lang='grc'>2</span> 
     </span>
    </p>
   </div>
   <div class='ocr_carea' id='block_1_22' title="bbox 1469 1985 2044 2128">
    <p class='ocr_par' dir='ltr' id='par_1_27' title="bbox 1469 1985 2044 2128">
     <span class='ocr_line' id='line_1_59' title="bbox 1469 1985 1967 2022; baseline -0.004 -6"><span class='ocrx_word' id='word_1_442' title='bbox 1469 1985 1545 2016; x_wconf 90' lang='grc'>1479</span> <span class='ocrx_word' id='word_1_443' title='bbox 1567 1985 1641 2016; x_wconf 86' lang='lat' dir='ltr'>Maii</span> <span class='ocrx_word' id='word_1_444' title='bbox 1666 1986 1703 2015; x_wconf 87' lang='lat'>14</span> <span class='ocrx_word' id='word_1_445' title='bbox 1761 1985 1831 2016; x_wconf 94' lang='lat' dir='ltr'>Obl.</span> <span class='ocrx_word' id='word_1_446' title='bbox 1855 1986 1904 2022; x_wconf 87' lang='lat'>83,</span> <span class='ocrx_word' id='word_1_447' title='bbox 1928 1985 1967 2015; x_wconf 91' lang='lat'>60</span> 
     </span>
     <span class='ocr_line' id='line_1_60' title="bbox 1469 2038 1965 2075; baseline 0.002 -7"><span class='ocrx_word' id='word_1_448' title='bbox 1469 2039 1545 2069; x_wconf 87' lang='lat'>1486</span> <span class='ocrx_word' id='word_1_449' title='bbox 1569 2039 1642 2070; x_wconf 86' lang='lat' dir='ltr'>Jan.</span> <span class='ocrx_word' id='word_1_450' title='bbox 1668 2039 1705 2068; x_wconf 88' lang='lat'>18</span> <span class='ocrx_word' id='word_1_451' title='bbox 1761 2038 1831 2069; x_wconf 94' lang='lat' dir='ltr'>Obl.</span> <span class='ocrx_word' id='word_1_452' title='bbox 1855 2039 1904 2075; x_wconf 85' lang='lat'>83,</span> <span class='ocrx_word' id='word_1_453' title='bbox 1927 2039 1965 2069; x_wconf 88' lang='grc'>99</span> 
     </span>
     <span class='ocr_line' id='line_1_61' title="bbox 1469 2090 2044 2128; baseline -0.002 -6"><span class='ocrx_word' id='word_1_454' title='bbox 1469 2092 1545 2122; x_wconf 90' lang='grc'>1489</span> <span class='ocrx_word' id='word_1_455' title='bbox 1569 2092 1643 2123; x_wconf 83' lang='lat' dir='ltr'>Jan.</span> <span class='ocrx_word' id='word_1_456' title='bbox 1666 2092 1704 2122; x_wconf 89' lang='lat'>23</span> <span class='ocrx_word' id='word_1_457' title='bbox 1760 2091 1812 2123; x_wconf 82' lang='lat' dir='ltr'>AC</span> <span class='ocrx_word' id='word_1_458' title='bbox 1835 2091 1955 2122; x_wconf 88' lang='lat' dir='ltr'>Camer.</span> <span class='ocrx_word' id='word_1_459' title='bbox 1980 2090 2005 2128; x_wconf 88' lang='lat' dir='ltr'>I,</span> <span class='ocrx_word' id='word_1_460' title='bbox 2030 2092 2044 2121; x_wconf 95' lang='grc'>1</span> 
     </span>
    </p>
   </div>
   <div class='ocr_carea' id='block_1_23' title="bbox 1746 706 1752 2137">
    <p class='ocr_par' dir='ltr' id='par_1_28' title="bbox 1746 706 1752 2137">
     <span class='ocr_line' id='line_1_62' title="bbox 1746 706 1752 2137; baseline 0 0"><span class='ocrx_word' id='word_1_461' title='bbox 1746 706 1752 2137; x_wconf 95' lang='lat' dir='ltr'> </span> 
     </span>
    </p>
   </div>
   <div class='ocr_carea' id='block_1_24' title="bbox 1828 897 2175 939">
    <p class='ocr_par' dir='ltr' id='par_1_29' title="bbox 1828 897 2175 939">
     <span class='ocr_line' id='line_1_63' title="bbox 1828 897 2175 939; baseline 0.006 -11"><span class='ocrx_word' id='word_1_462' title='bbox 1828 897 1947 929; x_wconf 83' lang='lat' dir='ltr'>Schede</span> <span class='ocrx_word' id='word_1_463' title='bbox 1969 897 2001 928; x_wconf 88' lang='lat' dir='ltr'>di</span> <span class='ocrx_word' id='word_1_464' title='bbox 2025 898 2175 939; x_wconf 87' lang='lat' dir='ltr'>Garampi</span> 
     </span>
    </p>
   </div>
   <div class='ocr_carea' id='block_1_25' title="bbox 2227 186 2291 218">
    <p class='ocr_par' dir='ltr' id='par_1_30' title="bbox 2227 186 2291 218">
     <span class='ocr_line' id='line_1_64' title="bbox 2227 186 2291 218; baseline 0 0"><span class='ocrx_word' id='word_1_465' title='bbox 2227 186 2291 218; x_wconf 74' lang='lat'>209</span> 
     </span>
    </p>
   </div>
   <div class='ocr_carea' id='block_1_26' title="bbox 1474 1083 2292 1115">
    <p class='ocr_par' dir='ltr' id='par_1_31' title="bbox 1474 1083 2292 1115">
     <span class='ocr_line' id='line_1_65' title="bbox 1474 1083 2292 1115; baseline 0.002 -2"><span class='ocrx_word' id='word_1_466' title='bbox 1474 1083 1550 1114; x_wconf 91' lang='grc'>1487</span> <span class='ocrx_word' id='word_1_467' title='bbox 1572 1083 1647 1114; x_wconf 79' lang='lat' dir='ltr'>Maii</span> <span class='ocrx_word' id='word_1_468' title='bbox 1671 1084 1707 1114; x_wconf 90' lang='lat'>18</span> <span class='ocrx_word' id='word_1_469' title='bbox 1764 1083 1834 1114; x_wconf 92' lang='lat' dir='ltr'>Inn.</span> <span class='ocrx_word' id='word_1_470' title='bbox 1859 1083 1939 1115; x_wconf 92' lang='lat' dir='ltr'>VIII</span> <span class='ocrx_word' id='word_1_471' title='bbox 1955 1094 1984 1114; x_wconf 85' lang='lat' dir='ltr'>a.</span> <span class='ocrx_word' id='word_1_472' title='bbox 2003 1085 2017 1114; x_wconf 95' lang='lat'>1</span> <span class='ocrx_word' id='word_1_473' title='bbox 2035 1083 2106 1115; x_wconf 78' lang='lat' dir='ltr'>Lat.</span> <span class='ocrx_word' id='word_1_474' title='bbox 2123 1084 2142 1115; x_wconf 89' lang='lat'>1.</span> <span class='ocrx_word' id='word_1_475' title='bbox 2161 1084 2178 1115; x_wconf 97' lang='grc'>7</span> <span class='ocrx_word' id='word_1_476' title='bbox 2194 1084 2215 1115; x_wconf 86' lang='lat' dir='ltr'>f.</span> <span class='ocrx_word' id='word_1_477' title='bbox 2233 1085 2292 1115; x_wconf 88' lang='lat'>259</span> 
     </span>
    </p>
   </div>
   <div class='ocr_carea' id='block_1_27' title="bbox 1469 1931 2291 1973">
    <p class='ocr_par' dir='ltr' id='par_1_32' title="bbox 1469 1931 2291 1973">
     <span class='ocr_line' id='line_1_66' title="bbox 1469 1931 2291 1973; baseline 0.001 -10"><span class='ocrx_word' id='word_1_478' title='bbox 1469 1933 1542 1963; x_wconf 91' lang='lat'>1461</span> <span class='ocrx_word' id='word_1_479' title='bbox 1569 1932 1638 1963; x_wconf 90' lang='lat' dir='ltr'>Oct.</span> <span class='ocrx_word' id='word_1_480' title='bbox 1664 1933 1700 1962; x_wconf 89' lang='grc'>19</span> <span class='ocrx_word' id='word_1_481' title='bbox 1760 1932 1808 1964; x_wconf 91' lang='lat' dir='ltr'>Pii</span> <span class='ocrx_word' id='word_1_482' title='bbox 1833 1932 1866 1962; x_wconf 95' lang='lat' dir='ltr'>II</span> <span class='ocrx_word' id='word_1_483' title='bbox 1892 1943 1920 1963; x_wconf 82' lang='lat' dir='ltr'>a.</span> <span class='ocrx_word' id='word_1_484' title='bbox 1946 1933 1965 1962; x_wconf 89' lang='lat'>4</span> <span class='ocrx_word' id='word_1_485' title='bbox 1989 1931 2059 1963; x_wconf 86' lang='lat' dir='ltr'>Lat.</span> <span class='ocrx_word' id='word_1_486' title='bbox 2085 1932 2104 1963; x_wconf 93' lang='lat' dir='ltr'>l.</span> <span class='ocrx_word' id='word_1_487' title='bbox 2131 1943 2178 1973; x_wconf 89' lang='lat' dir='ltr'>pr.</span> <span class='ocrx_word' id='word_1_488' title='bbox 2204 1932 2225 1964; x_wconf 81' lang='lat' dir='ltr'>f.</span> <span class='ocrx_word' id='word_1_489' title='bbox 2251 1932 2291 1964; x_wconf 88' lang='grc'>76</span> 
     </span>
    </p>
   </div>
   <div class='ocr_carea' id='block_1_28' title="bbox 528 2470 660 2497">
    <p class='ocr_par' dir='ltr' id='par_1_33' title="bbox 528 2470 660 2497">
     <span class='ocr_line' id='line_1_67' title="bbox 528 2470 660 2497; baseline 0.008 -1"><span class='ocrx_word' id='word_1_490' title='bbox 528 2470 660 2497; x_wconf 81' lang='lat' dir='ltr'>oxomen.</span> 
     </span>
    </p>
   </div>
   <div class='ocr_carea' id='block_1_29' title="bbox 0 2136 73 3328">
    <p class='ocr_par' dir='ltr' id='par_1_34' title="bbox 0 2136 73 3328">
     <span class='ocr_line' id='line_1_68' title="bbox 0 2136 73 2686; baseline 0 0"><span class='ocrx_word' id='word_1_491' title='bbox 0 2136 73 2686; x_wconf 95' lang='lat' dir='ltr'>    </span> 
     </span>
     <span class='ocr_line' id='line_1_69' title="bbox 0 2686 73 2805; baseline 0 0"><span class='ocrx_word' id='word_1_492' title='bbox 0 2686 73 2805; x_wconf 95' lang='lat' dir='ltr'>   </span> 
     </span>
     <span class='ocr_line' id='line_1_70' title="bbox 0 2805 65 2919; baseline 0 0"><span class='ocrx_word' id='word_1_493' title='bbox 0 2805 65 2919; x_wconf 95' lang='lat' dir='ltr'>    </span> 
     </span>
     <span class='ocr_line' id='line_1_71' title="bbox 0 2919 73 3328; baseline 0 -315"><span class='ocrx_word' id='word_1_494' title='bbox 0 2919 73 3328; x_wconf 95' lang='lat' dir='ltr'>    </span> 
     </span>
    </p>
   </div>
   <div class='ocr_carea' id='block_1_30' title="bbox 1 2513 1123 2992">
    <p class='ocr_par' dir='ltr' id='par_1_35' title="bbox 135 2513 453 2548">
     <span class='ocr_line' id='line_1_72' title="bbox 135 2513 453 2548; baseline 0.003 -9"><span class='ocrx_word' id='word_1_495' title='bbox 135 2513 157 2546; x_wconf 88' lang='lat'>¹)</span> <span class='ocrx_word' id='word_1_496' title='bbox 176 2513 238 2540; x_wconf 71' lang='lat' dir='ltr'>Des.</span> <span class='ocrx_word' id='word_1_497' title='bbox 258 2516 316 2540; x_wconf 82' lang='lat' dir='ltr'>nat.</span> <span class='ocrx_word' id='word_1_498' title='bbox 336 2514 453 2548; x_wconf 74' lang='lat' dir='ltr'>patiam.</span> 
     </span>
    </p>

    <p class='ocr_par' dir='ltr' id='par_1_36' title="bbox 39 2557 1123 2673">
     <span class='ocr_line' id='line_1_73' title="bbox 47 2557 1121 2594; baseline 0.002 -10"><span class='ocrx_word' id='word_1_499' title='bbox 47 2581 51 2594; x_wconf 68' lang='lat'>·,</span> <span class='ocrx_word' id='word_1_500' title='bbox 134 2557 158 2590; x_wconf 84' lang='lat'>¹)</span> <span class='ocrx_word' id='word_1_501' title='bbox 181 2557 234 2589; x_wconf 80' lang='lat' dir='ltr'>Qui</span> <span class='ocrx_word' id='word_1_502' title='bbox 255 2559 288 2584; x_wconf 91' lang='grc'>12</span> <span class='ocrx_word' id='word_1_503' title='bbox 307 2558 373 2593; x_wconf 89' lang='lat' dir='ltr'>Apr.</span> <span class='ocrx_word' id='word_1_504' title='bbox 397 2558 464 2584; x_wconf 84' lang='lat'>1434</span> <span class='ocrx_word' id='word_1_505' title='bbox 483 2558 520 2584; x_wconf 82' lang='lat' dir='ltr'>ad</span> <span class='ocrx_word' id='word_1_506' title='bbox 539 2558 603 2584; x_wconf 79' lang='lat' dir='ltr'>eccl.</span> <span class='ocrx_word' id='word_1_507' title='bbox 627 2558 768 2592; x_wconf 83' lang='lat' dir='ltr'>Seguntin.</span> <span class='ocrx_word' id='word_1_508' title='bbox 790 2560 942 2586; x_wconf 84' lang='lat' dir='ltr'>translatus</span> <span class='ocrx_word' id='word_1_509' title='bbox 961 2563 1012 2591; x_wconf 83' lang='lat' dir='ltr'>est,</span> <span class='ocrx_word' id='word_1_510' title='bbox 1033 2563 1121 2586; x_wconf 87' lang='lat' dir='ltr'>trans·</span> 
     </span>
     <span class='ocr_line' id='line_1_74' title="bbox 39 2598 1123 2637; baseline 0.001 -7"><span class='ocrx_word' id='word_1_511' title='bbox 39 2598 124 2637; x_wconf 53' lang='grc' dir='ltr'><strong>ς’·Ηο</strong></span> <span class='ocrx_word' id='word_1_512' title='bbox 142 2601 257 2628; x_wconf 76' lang='lat' dir='ltr'>Alfonso</span> <span class='ocrx_word' id='word_1_513' title='bbox 275 2611 335 2636; x_wconf 88' lang='lat' dir='ltr'>epo.</span> <span class='ocrx_word' id='word_1_514' title='bbox 357 2602 502 2636; x_wconf 60' lang='lat' dir='ltr'>Ingionen.</span> <span class='ocrx_word' id='word_1_515' title='bbox 524 2602 560 2628; x_wconf 87' lang='lat' dir='ltr'>ad</span> <span class='ocrx_word' id='word_1_516' title='bbox 580 2602 713 2629; x_wconf 86' lang='lat' dir='ltr'>Oxomen.</span> <span class='ocrx_word' id='word_1_517' title='bbox 746 2603 818 2636; x_wconf 90' lang='lat' dir='ltr'>(Obl.</span> <span class='ocrx_word' id='word_1_518' title='bbox 840 2605 883 2634; x_wconf 84' lang='grc'>66,</span> <span class='ocrx_word' id='word_1_519' title='bbox 905 2605 962 2636; x_wconf 90' lang='grc'>11);</span> <span class='ocrx_word' id='word_1_520' title='bbox 993 2604 1040 2630; x_wconf 83' lang='lat' dir='ltr'>sed</span> <span class='ocrx_word' id='word_1_521' title='bbox 1060 2604 1123 2630; x_wconf 73' lang='lat' dir='ltr'>illae</span> 
     </span>
     <span class='ocr_line' id='line_1_75' title="bbox 65 2646 570 2673; baseline 0 -1"><span class='ocrx_word' id='word_1_522' title='bbox 65 2646 160 2672; x_wconf 59' lang='lat' dir='ltr'>hanel.</span> <span class='ocrx_word' id='word_1_523' title='bbox 180 2646 312 2673; x_wconf 76' lang='lat' dir='ltr'>effectum</span> <span class='ocrx_word' id='word_1_524' title='bbox 330 2655 386 2673; x_wconf 90' lang='lat' dir='ltr'>non</span> <span class='ocrx_word' id='word_1_525' title='bbox 404 2646 570 2673; x_wconf 84' lang='lat' dir='ltr'>habuerunt.</span> 
     </span>
    </p>

    <p class='ocr_par' dir='ltr' id='par_1_37' title="bbox 45 2683 1120 2770">
     <span class='ocr_line' id='line_1_76' title="bbox 45 2683 1120 2725; baseline 0.002 -8"><span class='ocrx_word' id='word_1_526' title='bbox 45 2683 50 2686; x_wconf 50' lang='lat'>¹</span> <span class='ocrx_word' id='word_1_527' title='bbox 134 2690 158 2723; x_wconf 84' lang='lat'>⁸)</span> <span class='ocrx_word' id='word_1_528' title='bbox 177 2690 289 2724; x_wconf 68' lang='lat' dir='ltr'>Reserv.</span> <span class='ocrx_word' id='word_1_529' title='bbox 313 2699 406 2717; x_wconf 78' lang='lat' dir='ltr'>annua</span> <span class='ocrx_word' id='word_1_530' title='bbox 428 2699 503 2725; x_wconf 82' lang='lat' dir='ltr'>pens.</span> <span class='ocrx_word' id='word_1_531' title='bbox 527 2692 580 2718; x_wconf 87' lang='lat'>500</span> <span class='ocrx_word' id='word_1_532' title='bbox 602 2691 630 2717; x_wconf 89' lang='lat' dir='ltr'>ss.</span> <span class='ocrx_word' id='word_1_533' title='bbox 655 2691 787 2718; x_wconf 78' lang='lat' dir='ltr'>cardinali</span> <span class='ocrx_word' id='word_1_534' title='bbox 809 2692 942 2718; x_wconf 84' lang='lat' dir='ltr'>Melfiten.</span> <span class='ocrx_word' id='word_1_535' title='bbox 966 2695 995 2719; x_wconf 85' lang='lat' dir='ltr'>et</span> <span class='ocrx_word' id='word_1_536' title='bbox 1017 2694 1069 2719; x_wconf 85' lang='lat'>500</span> <span class='ocrx_word' id='word_1_537' title='bbox 1092 2693 1120 2719; x_wconf 88' lang='lat' dir='ltr'>fl.</span> 
     </span>
     <span class='ocr_line' id='line_1_77' title="bbox 50 2733 890 2770; baseline 0.001 -9"><span class='ocrx_word' id='word_1_538' title='bbox 50 2733 233 2769; x_wconf 51' lang='lat' dir='ltr'>2&gt;(D,omin.ico)</span> <span class='ocrx_word' id='word_1_539' title='bbox 255 2743 315 2770; x_wconf 85' lang='lat' dir='ltr'>epo.</span> <span class='ocrx_word' id='word_1_540' title='bbox 338 2735 495 2769; x_wconf 64' lang='lat' dir='ltr'>Albingan„</span> <span class='ocrx_word' id='word_1_541' title='bbox 517 2736 612 2769; x_wconf 78' lang='lat' dir='ltr'>nepoti</span> <span class='ocrx_word' id='word_1_542' title='bbox 636 2735 662 2762; x_wconf 90' lang='lat' dir='ltr'>S.</span> <span class='ocrx_word' id='word_1_543' title='bbox 686 2736 727 2767; x_wconf 88' lang='grc' dir='ltr'>Ρ.,</span> <span class='ocrx_word' id='word_1_544' title='bbox 749 2736 890 2762; x_wconf 83' lang='lat' dir='ltr'>solvenda.</span> 
     </span>
    </p>

    <p class='ocr_par' dir='ltr' id='par_1_38' title="bbox 1 2776 1122 2992">
     <span class='ocr_line' id='line_1_78' title="bbox 47 2776 1120 2814; baseline 0.002 -9"><span class='ocrx_word' id='word_1_545' title='bbox 47 2787 50 2790; x_wconf 91' lang='lat'>·</span> <span class='ocrx_word' id='word_1_546' title='bbox 135 2776 212 2811; x_wconf 53' lang='lat' dir='ltr'>⁴)⁴In</span> <span class='ocrx_word' id='word_1_547' title='bbox 228 2779 330 2806; x_wconf 60' lang='lat' dir='ltr'>admira.</span> <span class='ocrx_word' id='word_1_548' title='bbox 365 2779 476 2806; x_wconf 85' lang='lat' dir='ltr'>Reserv.</span> <span class='ocrx_word' id='word_1_549' title='bbox 495 2780 612 2814; x_wconf 82' lang='lat' dir='ltr'>antiqua</span> <span class='ocrx_word' id='word_1_550' title='bbox 629 2788 704 2814; x_wconf 82' lang='lat' dir='ltr'>pens.</span> <span class='ocrx_word' id='word_1_551' title='bbox 723 2781 775 2807; x_wconf 85' lang='lat'>500</span> <span class='ocrx_word' id='word_1_552' title='bbox 792 2781 820 2807; x_wconf 87' lang='lat' dir='ltr'>ss.</span> <span class='ocrx_word' id='word_1_553' title='bbox 839 2781 971 2807; x_wconf 80' lang='lat' dir='ltr'>cardinali</span> <span class='ocrx_word' id='word_1_554' title='bbox 988 2781 1120 2807; x_wconf 74' lang='lat' dir='ltr'>Melfiten.</span> 
     </span>
     <span class='ocr_line' id='line_1_79' title="bbox 1 2818 1120 2864; baseline 0.001 -14"><span class='ocrx_word' id='word_1_555' title='bbox 1 2837 9 2864; x_wconf 45' lang='grc' dir='ltr'>ι,</span> <span class='ocrx_word' id='word_1_556' title='bbox 47 2846 49 2862; x_wconf 58' lang='grc'>.</span> <span class='ocrx_word' id='word_1_557' title='bbox 65 2824 96 2849; x_wconf 70' lang='lat' dir='ltr'>ot</span> <span class='ocrx_word' id='word_1_558' title='bbox 105 2818 204 2850; x_wconf 65' lang='lat' dir='ltr'>teser-v.</span> <span class='ocrx_word' id='word_1_559' title='bbox 217 2823 306 2850; x_wconf 85' lang='lat' dir='ltr'>eidem</span> <span class='ocrx_word' id='word_1_560' title='bbox 317 2823 391 2850; x_wconf 74' lang='lat' dir='ltr'>card.</span> <span class='ocrx_word' id='word_1_561' title='bbox 404 2832 436 2850; x_wconf 76' lang='lat' dir='ltr'>ac</span> <span class='ocrx_word' id='word_1_562' title='bbox 447 2824 520 2850; x_wconf 83' lang='lat' dir='ltr'>card.</span> <span class='ocrx_word' id='word_1_563' title='bbox 535 2824 705 2850; x_wconf 77' lang='lat' dir='ltr'>Racanaten.</span> <span class='ocrx_word' id='word_1_564' title='bbox 719 2824 800 2851; x_wconf 76' lang='lat' dir='ltr'>fruct.</span> <span class='ocrx_word' id='word_1_565' title='bbox 813 2826 898 2859; x_wconf 81' lang='lat' dir='ltr'>ipsius</span> <span class='ocrx_word' id='word_1_566' title='bbox 910 2826 973 2852; x_wconf 89' lang='grc'>0001.</span> <span class='ocrx_word' id='word_1_567' title='bbox 987 2825 1120 2852; x_wconf 82' lang='lat' dir='ltr'>Oxomen.</span> 
     </span>
     <span class='ocr_line' id='line_1_80' title="bbox 2 2864 1122 2902; baseline 0.002 -8"><span class='ocrx_word' id='word_1_568' title='bbox 2 2864 6 2879; x_wconf 71' lang='lat'>¹</span> <span class='ocrx_word' id='word_1_569' title='bbox 59 2867 132 2894; x_wconf 69' lang='lat' dir='ltr'>anni</span> <span class='ocrx_word' id='word_1_570' title='bbox 146 2876 234 2902; x_wconf 70' lang='lat' dir='ltr'>praes.</span> <span class='ocrx_word' id='word_1_571' title='bbox 250 2868 311 2894; x_wconf 86' lang='grc'>1000</span> <span class='ocrx_word' id='word_1_572' title='bbox 326 2868 488 2902; x_wconf 77' lang='lat' dir='ltr'>pensionum</span> <span class='ocrx_word' id='word_1_573' title='bbox 504 2876 639 2894; x_wconf 83' lang='lat' dir='ltr'>annorum</span> <span class='ocrx_word' id='word_1_574' title='bbox 655 2877 704 2894; x_wconf 83' lang='lat' dir='ltr'>sex</span> <span class='ocrx_word' id='word_1_575' title='bbox 719 2876 775 2895; x_wconf 85' lang='lat' dir='ltr'>non</span> <span class='ocrx_word' id='word_1_576' title='bbox 791 2870 952 2896; x_wconf 83' lang='lat' dir='ltr'>solutamm.</span> <span class='ocrx_word' id='word_1_577' title='bbox 984 2870 1122 2896; x_wconf 84' lang='lat' dir='ltr'>Cardinali</span> 
     </span>
     <span class='ocr_line' id='line_1_81' title="bbox 54 2911 1118 2946; baseline 0.002 -8"><span class='ocrx_word' id='word_1_578' title='bbox 54 2913 160 2944; x_wconf 28' lang='lat' dir='ltr'>*quiem</span> <span class='ocrx_word' id='word_1_579' title='bbox 182 2911 324 2946; x_wconf 75' lang='lat' dir='ltr'>Hispalen.</span> <span class='ocrx_word' id='word_1_580' title='bbox 348 2912 458 2938; x_wconf 66' lang='lat' dir='ltr'>conoed.</span> <span class='ocrx_word' id='word_1_581' title='bbox 482 2912 511 2938; x_wconf 92' lang='lat' dir='ltr'>in</span> <span class='ocrx_word' id='word_1_582' title='bbox 534 2921 632 2938; x_wconf 85' lang='lat' dir='ltr'>comm.</span> <span class='ocrx_word' id='word_1_583' title='bbox 657 2921 730 2939; x_wconf 88' lang='lat' dir='ltr'>mon.</span> <span class='ocrx_word' id='word_1_584' title='bbox 754 2913 789 2940; x_wconf 86' lang='lat' dir='ltr'>de</span> <span class='ocrx_word' id='word_1_585' title='bbox 812 2914 954 2940; x_wconf 87' lang='lat' dir='ltr'>Mormella</span> <span class='ocrx_word' id='word_1_586' title='bbox 976 2914 1008 2940; x_wconf 91' lang='grc' dir='ltr'>Ο.</span> <span class='ocrx_word' id='word_1_587' title='bbox 1035 2915 1061 2941; x_wconf 90' lang='lat' dir='ltr'>S.</span> <span class='ocrx_word' id='word_1_588' title='bbox 1087 2914 1118 2940; x_wconf 93' lang='lat' dir='ltr'>B.</span> 
     </span>
     <span class='ocr_line' id='line_1_82' title="bbox 53 2950 896 2992; baseline 0.002 -10"><span class='ocrx_word' id='word_1_589' title='bbox 53 2950 151 2983; x_wconf 55' lang='lat' dir='ltr'>mooe.</span> <span class='ocrx_word' id='word_1_590' title='bbox 170 2956 312 2982; x_wconf 83' lang='lat' dir='ltr'>Zamoren.</span> <span class='ocrx_word' id='word_1_591' title='bbox 332 2964 391 2982; x_wconf 85' lang='lat' dir='ltr'>vac.</span> <span class='ocrx_word' id='word_1_592' title='bbox 412 2964 461 2990; x_wconf 89' lang='lat' dir='ltr'>per</span> <span class='ocrx_word' id='word_1_593' title='bbox 478 2957 522 2982; x_wconf 92' lang='lat' dir='ltr'>ob.</span> <span class='ocrx_word' id='word_1_594' title='bbox 543 2957 680 2982; x_wconf 83' lang='lat' dir='ltr'>Francisci</span> <span class='ocrx_word' id='word_1_595' title='bbox 700 2966 742 2992; x_wconf 86' lang='lat' dir='ltr'>ep.</span> <span class='ocrx_word' id='word_1_596' title='bbox 763 2958 896 2984; x_wconf 85' lang='lat' dir='ltr'>Oxomen.</span> 
     </span>
    </p>
   </div>
   <div class='ocr_carea' id='block_1_31' title="bbox 59 3009 592 3043">
    <p class='ocr_par' dir='ltr' id='par_1_39' title="bbox 59 3009 592 3043">
     <span class='ocr_line' id='line_1_83' title="bbox 59 3009 592 3043; baseline 0 -12"><span class='ocrx_word' id='word_1_597' title='bbox 59 3010 64 3043; x_wconf 42' lang='grc' dir='ltr'><em>ζ</em></span> <span class='ocrx_word' id='word_1_598' title='bbox 117 3009 245 3031; x_wconf 62' lang='lat' dir='ltr'>met-,rehu</span> <span class='ocrx_word' id='word_1_599' title='bbox 261 3009 370 3030; x_wconf 65' lang='lat' dir='ltr'>catholic·</span> <span class='ocrx_word' id='word_1_600' title='bbox 386 3009 453 3030; x_wconf 78' lang='lat' dir='ltr'>modu</span> <span class='ocrx_word' id='word_1_601' title='bbox 473 3010 532 3031; x_wconf 69' lang='lat' dir='ltr'>aevi.</span> <span class='ocrx_word' id='word_1_602' title='bbox 549 3009 592 3031; x_wconf 87' lang='lat'>11.·</span> 
     </span>
    </p>
   </div>
   <div class='ocr_carea' id='block_1_32' title="bbox 1175 2257 1178 2993">
    <p class='ocr_par' dir='ltr' id='par_1_40' title="bbox 1175 2257 1178 2993">
     <span class='ocr_line' id='line_1_84' title="bbox 1175 2257 1178 2993; baseline 0 0"><span class='ocrx_word' id='word_1_603' title='bbox 1175 2257 1178 2993; x_wconf 95' lang='lat' dir='ltr'> </span> 
     </span>
    </p>
   </div>
   <div class='ocr_carea' id='block_1_33' title="bbox 135 2204 2289 2461">
    <p class='ocr_par' dir='ltr' id='par_1_41' title="bbox 135 2204 2289 2461">
     <span class='ocr_line' id='line_1_85' title="bbox 513 2204 1957 2238; baseline -0.001 -7"><span class='ocrx_word' id='word_1_604' title='bbox 513 2226 516 2228; x_wconf 91' lang='lat'>.</span> <span class='ocrx_word' id='word_1_605' title='bbox 540 2204 651 2231; x_wconf 63' lang='lat' dir='ltr'>oveten.</span> <span class='ocrx_word' id='word_1_606' title='bbox 1299 2205 1320 2238; x_wconf 75' lang='lat'>⁵)</span> <span class='ocrx_word' id='word_1_607' title='bbox 1340 2205 1491 2232; x_wconf 79' lang='lat' dir='ltr'>Absolutus</span> <span class='ocrx_word' id='word_1_608' title='bbox 1510 2206 1546 2231; x_wconf 89' lang='lat' dir='ltr'>ab</span> <span class='ocrx_word' id='word_1_609' title='bbox 1565 2205 1667 2231; x_wconf 86' lang='lat' dir='ltr'>admin.</span> <span class='ocrx_word' id='word_1_610' title='bbox 1688 2205 1751 2231; x_wconf 87' lang='grc'>0001.</span> <span class='ocrx_word' id='word_1_611' title='bbox 1774 2205 1957 2231; x_wconf 82' lang='lat' dir='ltr'>Salamantin.</span> 
     </span>
     <span class='ocr_line' id='line_1_86' title="bbox 135 2247 2286 2282; baseline 0 -9"><span class='ocrx_word' id='word_1_612' title='bbox 135 2247 158 2280; x_wconf 84' lang='lat'>¹)</span> <span class='ocrx_word' id='word_1_613' title='bbox 177 2247 305 2273; x_wconf 75' lang='lat' dir='ltr'>Decanus</span> <span class='ocrx_word' id='word_1_614' title='bbox 323 2247 386 2273; x_wconf 87' lang='lat' dir='ltr'>eccl.</span> <span class='ocrx_word' id='word_1_615' title='bbox 406 2247 555 2274; x_wconf 80' lang='lat' dir='ltr'>Oivitaten.</span> <span class='ocrx_word' id='word_1_616' title='bbox 1301 2250 1323 2282; x_wconf 81' lang='lat'>⁶)</span> <span class='ocrx_word' id='word_1_617' title='bbox 1347 2250 1400 2282; x_wconf 81' lang='lat' dir='ltr'>Qui</span> <span class='ocrx_word' id='word_1_618' title='bbox 1420 2250 1501 2276; x_wconf 82' lang='lat' dir='ltr'>simul</span> <span class='ocrx_word' id='word_1_619' title='bbox 1522 2250 1630 2275; x_wconf 84' lang='lat' dir='ltr'>obtinet</span> <span class='ocrx_word' id='word_1_620' title='bbox 1650 2250 1679 2275; x_wconf 90' lang='lat' dir='ltr'>in</span> <span class='ocrx_word' id='word_1_621' title='bbox 1699 2249 1892 2275; x_wconf 81' lang='lat' dir='ltr'>commendam</span> <span class='ocrx_word' id='word_1_622' title='bbox 1913 2257 1986 2274; x_wconf 91' lang='lat' dir='ltr'>mon.</span> <span class='ocrx_word' id='word_1_623' title='bbox 2008 2248 2043 2274; x_wconf 88' lang='lat' dir='ltr'>de</span> <span class='ocrx_word' id='word_1_624' title='bbox 2063 2249 2190 2274; x_wconf 79' lang='lat' dir='ltr'>Praseres</span> <span class='ocrx_word' id='word_1_625' title='bbox 2212 2249 2243 2275; x_wconf 93' lang='grc' dir='ltr'>Ο.</span> <span class='ocrx_word' id='word_1_626' title='bbox 2266 2257 2286 2275; x_wconf 87' lang='lat' dir='ltr'>s.</span> 
     </span>
     <span class='ocr_line' id='line_1_87' title="bbox 135 2291 2289 2328; baseline -0.002 -4"><span class='ocrx_word' id='word_1_627' title='bbox 135 2291 158 2324; x_wconf 82' lang='lat'>¹)</span> <span class='ocrx_word' id='word_1_628' title='bbox 177 2292 212 2318; x_wconf 81' lang='lat'>25</span> <span class='ocrx_word' id='word_1_629' title='bbox 229 2300 254 2318; x_wconf 63' lang='lat' dir='ltr'>a·</span> <span class='ocrx_word' id='word_1_630' title='bbox 274 2300 365 2326; x_wconf 69' lang='grc'>880118·</span> <span class='ocrx_word' id='word_1_631' title='bbox 1229 2294 1298 2328; x_wconf 89' lang='lat' dir='ltr'>Aug.</span> <span class='ocrx_word' id='word_1_632' title='bbox 1316 2294 1401 2320; x_wconf 88' lang='lat' dir='ltr'>dioec.</span> <span class='ocrx_word' id='word_1_633' title='bbox 1422 2294 1563 2328; x_wconf 88' lang='lat' dir='ltr'>Segobien.</span> <span class='ocrx_word' id='word_1_634' title='bbox 1582 2295 1641 2320; x_wconf 88' lang='lat' dir='ltr'>sim.</span> <span class='ocrx_word' id='word_1_635' title='bbox 1660 2294 1742 2320; x_wconf 89' lang='lat' dir='ltr'>modo</span> <span class='ocrx_word' id='word_1_636' title='bbox 1759 2301 1819 2319; x_wconf 87' lang='lat' dir='ltr'>vac.</span> <span class='ocrx_word' id='word_1_637' title='bbox 1838 2308 1873 2312; x_wconf 97' lang='lat'><strong>—</strong></span> <span class='ocrx_word' id='word_1_638' title='bbox 1889 2293 1924 2319; x_wconf 89' lang='lat' dir='ltr'>In</span> <span class='ocrx_word' id='word_1_639' title='bbox 1940 2293 2051 2319; x_wconf 86' lang='lat' dir='ltr'>consist.</span> <span class='ocrx_word' id='word_1_640' title='bbox 2072 2294 2104 2319; x_wconf 88' lang='grc'>15</span> <span class='ocrx_word' id='word_1_641' title='bbox 2120 2293 2200 2319; x_wconf 83' lang='lat' dir='ltr'>Febr.</span> <span class='ocrx_word' id='word_1_642' title='bbox 2221 2294 2289 2319; x_wconf 85' lang='lat'>1499</span> 
     </span>
     <span class='ocr_line' id='line_1_88' title="bbox 135 2335 2289 2370; baseline 0 -8"><span class='ocrx_word' id='word_1_643' title='bbox 135 2335 158 2368; x_wconf 77' lang='lat'>⁸)</span> <span class='ocrx_word' id='word_1_644' title='bbox 176 2336 305 2362; x_wconf 80' lang='lat' dir='ltr'>Deoanus</span> <span class='ocrx_word' id='word_1_645' title='bbox 323 2336 466 2370; x_wconf 84' lang='lat' dir='ltr'>Hispalen.</span> <span class='ocrx_word' id='word_1_646' title='bbox 1229 2338 1326 2365; x_wconf 79' lang='lat' dir='ltr'>habito</span> <span class='ocrx_word' id='word_1_647' title='bbox 1350 2339 1445 2365; x_wconf 84' lang='lat' dir='ltr'>retulit</span> <span class='ocrx_word' id='word_1_648' title='bbox 1470 2338 1616 2364; x_wconf 82' lang='lat' dir='ltr'>cardinalis</span> <span class='ocrx_word' id='word_1_649' title='bbox 1641 2347 1661 2364; x_wconf 86' lang='lat' dir='ltr'>s.</span> <span class='ocrx_word' id='word_1_650' title='bbox 1688 2338 1820 2364; x_wconf 81' lang='lat' dir='ltr'>Praxedis</span> <span class='ocrx_word' id='word_1_651' title='bbox 1842 2338 2036 2370; x_wconf 84' lang='lat' dir='ltr'>(Antoniottus</span> <span class='ocrx_word' id='word_1_652' title='bbox 2051 2337 2233 2370; x_wconf 76' lang='lat' dir='ltr'>Pallavicini),</span> <span class='ocrx_word' id='word_1_653' title='bbox 2259 2346 2289 2364; x_wconf 84' lang='lat' dir='ltr'>se</span> 
     </span>
     <span class='ocr_line' id='line_1_89' title="bbox 135 2379 2287 2417; baseline 0 -11"><span class='ocrx_word' id='word_1_654' title='bbox 135 2379 158 2413; x_wconf 69' lang='grc' dir='ltr'>ι)</span> <span class='ocrx_word' id='word_1_655' title='bbox 177 2380 256 2407; x_wconf 80' lang='lat' dir='ltr'>Decr.</span> <span class='ocrx_word' id='word_1_656' title='bbox 275 2380 382 2407; x_wconf 70' lang='lat' dir='ltr'>doctor.</span> <span class='ocrx_word' id='word_1_657' title='bbox 1229 2384 1364 2417; x_wconf 81' lang='lat' dir='ltr'>accepisse</span> <span class='ocrx_word' id='word_1_658' title='bbox 1389 2383 1496 2409; x_wconf 73' lang='lat' dir='ltr'>litteras</span> <span class='ocrx_word' id='word_1_659' title='bbox 1521 2383 1627 2408; x_wconf 75' lang='lat' dir='ltr'>Alfonsi</span> <span class='ocrx_word' id='word_1_660' title='bbox 1651 2382 1686 2408; x_wconf 89' lang='lat' dir='ltr'>de</span> <span class='ocrx_word' id='word_1_661' title='bbox 1711 2383 1834 2408; x_wconf 80' lang='lat' dir='ltr'>Fonseca</span> <span class='ocrx_word' id='word_1_662' title='bbox 1858 2390 1900 2416; x_wconf 87' lang='lat' dir='ltr'>ep.</span> <span class='ocrx_word' id='word_1_663' title='bbox 1928 2381 2072 2413; x_wconf 82' lang='lat' dir='ltr'>Oxomen.,</span> <span class='ocrx_word' id='word_1_664' title='bbox 2099 2381 2199 2415; x_wconf 86' lang='lat' dir='ltr'>quibus</span> <span class='ocrx_word' id='word_1_665' title='bbox 2224 2390 2287 2407; x_wconf 90' lang='lat' dir='ltr'>con-</span> 
     </span>
     <span class='ocr_line' id='line_1_90' title="bbox 135 2424 2288 2461; baseline 0 -10"><span class='ocrx_word' id='word_1_666' title='bbox 135 2424 158 2457; x_wconf 73' lang='lat'>⁵)</span> <span class='ocrx_word' id='word_1_667' title='bbox 176 2425 254 2451; x_wconf 86' lang='lat' dir='ltr'>Prior</span> <span class='ocrx_word' id='word_1_668' title='bbox 275 2433 354 2451; x_wconf 85' lang='lat' dir='ltr'>oonv.</span> <span class='ocrx_word' id='word_1_669' title='bbox 378 2433 399 2451; x_wconf 82' lang='lat' dir='ltr'>s.</span> <span class='ocrx_word' id='word_1_670' title='bbox 422 2425 508 2451; x_wconf 74' lang='lat' dir='ltr'>Marci</span> <span class='ocrx_word' id='word_1_671' title='bbox 530 2425 640 2459; x_wconf 86' lang='lat' dir='ltr'>Legion.</span> <span class='ocrx_word' id='word_1_672' title='bbox 664 2425 778 2452; x_wconf 80' lang='lat' dir='ltr'>militiae</span> <span class='ocrx_word' id='word_1_673' title='bbox 800 2434 820 2452; x_wconf 86' lang='lat' dir='ltr'>s.</span> <span class='ocrx_word' id='word_1_674' title='bbox 846 2426 945 2453; x_wconf 69' lang='lat' dir='ltr'>Jmobi</span> <span class='ocrx_word' id='word_1_675' title='bbox 966 2427 1002 2453; x_wconf 86' lang='lat' dir='ltr'>de</span> <span class='ocrx_word' id='word_1_676' title='bbox 1025 2428 1120 2461; x_wconf 86' lang='lat' dir='ltr'>Spata.</span> <span class='ocrx_word' id='word_1_677' title='bbox 1229 2424 1396 2461; x_wconf 80' lang='lat' dir='ltr'>querebatur</span> <span class='ocrx_word' id='word_1_678' title='bbox 1412 2427 1446 2453; x_wconf 86' lang='lat' dir='ltr'>de</span> <span class='ocrx_word' id='word_1_679' title='bbox 1463 2427 1638 2461; x_wconf 73' lang='lat' dir='ltr'>suffraganeo</span> <span class='ocrx_word' id='word_1_680' title='bbox 1655 2435 1705 2452; x_wconf 89' lang='lat' dir='ltr'>suo</span> <span class='ocrx_word' id='word_1_681' title='bbox 1723 2427 1856 2459; x_wconf 87' lang='lat' dir='ltr'>(Antonio</span> <span class='ocrx_word' id='word_1_682' title='bbox 1873 2434 1933 2460; x_wconf 85' lang='lat' dir='ltr'>epo.</span> <span class='ocrx_word' id='word_1_683' title='bbox 1955 2425 2119 2458; x_wconf 80' lang='lat' dir='ltr'>Sebasten.),</span> <span class='ocrx_word' id='word_1_684' title='bbox 2137 2426 2193 2452; x_wconf 78' lang='lat' dir='ltr'>scil.</span> <span class='ocrx_word' id='word_1_685' title='bbox 2213 2426 2288 2460; x_wconf 88' lang='lat' dir='ltr'>quod</span> 
     </span>
    </p>
   </div>
   <div class='ocr_carea' id='block_1_34' title="bbox 1228 2470 2289 2992">
    <p class='ocr_par' dir='ltr' id='par_1_42' title="bbox 1228 2470 2289 2720">
     <span class='ocr_line' id='line_1_91' title="bbox 1228 2470 2289 2506; baseline -0.001 -9"><span class='ocrx_word' id='word_1_686' title='bbox 1228 2471 1264 2497; x_wconf 81' lang='lat' dir='ltr'>ad</span> <span class='ocrx_word' id='word_1_687' title='bbox 1281 2480 1309 2497; x_wconf 86' lang='lat' dir='ltr'>se</span> <span class='ocrx_word' id='word_1_688' title='bbox 1325 2480 1469 2506; x_wconf 83' lang='lat' dir='ltr'>nunquam</span> <span class='ocrx_word' id='word_1_689' title='bbox 1485 2471 1643 2502; x_wconf 81' lang='lat' dir='ltr'>accedebat,</span> <span class='ocrx_word' id='word_1_690' title='bbox 1661 2471 1709 2497; x_wconf 81' lang='lat' dir='ltr'>sed</span> <span class='ocrx_word' id='word_1_691' title='bbox 1725 2471 1754 2496; x_wconf 88' lang='lat' dir='ltr'>in</span> <span class='ocrx_word' id='word_1_692' title='bbox 1770 2471 1926 2504; x_wconf 78' lang='lat' dir='ltr'>longinquis</span> <span class='ocrx_word' id='word_1_693' title='bbox 1942 2470 2069 2505; x_wconf 81' lang='lat' dir='ltr'>partibus</span> <span class='ocrx_word' id='word_1_694' title='bbox 2085 2470 2167 2495; x_wconf 76' lang='lat' dir='ltr'>nimis</span> <span class='ocrx_word' id='word_1_695' title='bbox 2182 2473 2289 2496; x_wconf 86' lang='lat' dir='ltr'>remote</span> 
     </span>
     <span class='ocr_line' id='line_1_92' title="bbox 1228 2514 2288 2550; baseline -0.003 -8"><span class='ocrx_word' id='word_1_696' title='bbox 1228 2516 1390 2542; x_wconf 81' lang='lat' dir='ltr'>remanebat</span> <span class='ocrx_word' id='word_1_697' title='bbox 1404 2524 1494 2550; x_wconf 87' lang='lat' dir='ltr'>neque</span> <span class='ocrx_word' id='word_1_698' title='bbox 1510 2516 1566 2542; x_wconf 81' lang='lat' dir='ltr'>ulla</span> <span class='ocrx_word' id='word_1_699' title='bbox 1581 2516 1609 2541; x_wconf 91' lang='lat' dir='ltr'>in</span> <span class='ocrx_word' id='word_1_700' title='bbox 1625 2524 1653 2542; x_wconf 83' lang='lat' dir='ltr'>re</span> <span class='ocrx_word' id='word_1_701' title='bbox 1669 2515 1786 2541; x_wconf 82' lang='lat' dir='ltr'>curabat</span> <span class='ocrx_word' id='word_1_702' title='bbox 1801 2523 1926 2541; x_wconf 82' lang='lat' dir='ltr'>exercere</span> <span class='ocrx_word' id='word_1_703' title='bbox 1941 2514 2066 2540; x_wconf 82' lang='lat' dir='ltr'>officium</span> <span class='ocrx_word' id='word_1_704' title='bbox 2081 2522 2175 2545; x_wconf 83' lang='lat' dir='ltr'>suum;</span> <span class='ocrx_word' id='word_1_705' title='bbox 2188 2543 2190 2545; x_wconf 59' lang='grc'>,</span> <span class='ocrx_word' id='word_1_706' title='bbox 2203 2522 2288 2548; x_wconf 79' lang='lat' dir='ltr'>quare</span> 
     </span>
     <span class='ocr_line' id='line_1_93' title="bbox 1228 2558 2286 2594; baseline -0.002 -8"><span class='ocrx_word' id='word_1_707' title='bbox 1228 2560 1411 2594; x_wconf 84' lang='lat' dir='ltr'>supplicabat,</span> <span class='ocrx_word' id='word_1_708' title='bbox 1426 2563 1459 2586; x_wconf 87' lang='lat' dir='ltr'>ut</span> <span class='ocrx_word' id='word_1_709' title='bbox 1472 2560 1542 2586; x_wconf 82' lang='lat' dir='ltr'>alter</span> <span class='ocrx_word' id='word_1_710' title='bbox 1555 2560 1746 2594; x_wconf 68' lang='lat' dir='ltr'>suffraganeus</span> <span class='ocrx_word' id='word_1_711' title='bbox 1760 2559 1813 2585; x_wconf 88' lang='lat' dir='ltr'>sibi</span> <span class='ocrx_word' id='word_1_712' title='bbox 1826 2558 1946 2585; x_wconf 68' lang='lat' dir='ltr'>daretur.</span> <span class='ocrx_word' id='word_1_713' title='bbox 1978 2558 2031 2585; x_wconf 86' lang='lat' dir='ltr'>Sed</span> <span class='ocrx_word' id='word_1_714' title='bbox 2047 2558 2073 2585; x_wconf 89' lang='lat' dir='ltr'>S.</span> <span class='ocrx_word' id='word_1_715' title='bbox 2089 2558 2119 2584; x_wconf 90' lang='lat' dir='ltr'>P.</span> <span class='ocrx_word' id='word_1_716' title='bbox 2135 2558 2286 2592; x_wconf 84' lang='lat' dir='ltr'>respondit,</span> 
     </span>
     <span class='ocr_line' id='line_1_94' title="bbox 1228 2602 2288 2638; baseline -0.002 -8"><span class='ocrx_word' id='word_1_717' title='bbox 1228 2604 1279 2630; x_wconf 88' lang='lat' dir='ltr'>hoc</span> <span class='ocrx_word' id='word_1_718' title='bbox 1302 2613 1358 2630; x_wconf 90' lang='lat' dir='ltr'>non</span> <span class='ocrx_word' id='word_1_719' title='bbox 1380 2613 1438 2630; x_wconf 85' lang='lat' dir='ltr'>esse</span> <span class='ocrx_word' id='word_1_720' title='bbox 1460 2604 1626 2635; x_wconf 85' lang='lat' dir='ltr'>faciendum,</span> <span class='ocrx_word' id='word_1_721' title='bbox 1650 2604 1697 2630; x_wconf 87' lang='lat' dir='ltr'>sed</span> <span class='ocrx_word' id='word_1_722' title='bbox 1720 2604 1795 2638; x_wconf 88' lang='lat' dir='ltr'>prius</span> <span class='ocrx_word' id='word_1_723' title='bbox 1818 2603 1987 2629; x_wconf 80' lang='lat' dir='ltr'>monendum</span> <span class='ocrx_word' id='word_1_724' title='bbox 2010 2611 2058 2637; x_wconf 86' lang='lat' dir='ltr'>per</span> <span class='ocrx_word' id='word_1_725' title='bbox 2080 2602 2188 2629; x_wconf 65' lang='lat' dir='ltr'>litteras</span> <span class='ocrx_word' id='word_1_726' title='bbox 2209 2602 2288 2628; x_wconf 89' lang='lat' dir='ltr'>illum</span> 
     </span>
     <span class='ocr_line' id='line_1_95' title="bbox 1228 2648 1840 2683; baseline -0.002 -8"><span class='ocrx_word' id='word_1_727' title='bbox 1228 2648 1433 2683; x_wconf 75' lang='lat' dir='ltr'>suffraganeum</span> <span class='ocrx_word' id='word_1_728' title='bbox 1454 2649 1511 2681; x_wconf 85' lang='lat' dir='ltr'>(AC</span> <span class='ocrx_word' id='word_1_729' title='bbox 1531 2648 1641 2674; x_wconf 86' lang='lat' dir='ltr'>Miscell.</span> <span class='ocrx_word' id='word_1_730' title='bbox 1663 2648 1765 2679; x_wconf 89' lang='lat' dir='ltr'>XLIV,</span> <span class='ocrx_word' id='word_1_731' title='bbox 1786 2649 1840 2680; x_wconf 89' lang='lat'>34).</span> 
     </span>
     <span class='ocr_line' id='line_1_96' title="bbox 1707 2694 1805 2720; baseline 0.01 -1"><span class='ocrx_word' id='word_1_732' title='bbox 1707 2694 1805 2720; x_wconf 77' lang='lat' dir='ltr'>Pacen-</span> 
     </span>
    </p>

    <p class='ocr_par' dir='ltr' id='par_1_43' title="bbox 1299 2737 1727 2771">
     <span class='ocr_line' id='line_1_97' title="bbox 1299 2737 1727 2771; baseline -0.002 -8"><span class='ocrx_word' id='word_1_733' title='bbox 1299 2737 1320 2770; x_wconf 92' lang='lat'>¹)</span> <span class='ocrx_word' id='word_1_734' title='bbox 1340 2737 1486 2764; x_wconf 75' lang='lat' dir='ltr'>Deiectum</span> <span class='ocrx_word' id='word_1_735' title='bbox 1505 2737 1590 2763; x_wconf 84' lang='lat' dir='ltr'>natal.</span> <span class='ocrx_word' id='word_1_736' title='bbox 1611 2737 1727 2771; x_wconf 81' lang='lat' dir='ltr'>patiens.</span> 
     </span>
    </p>

    <p class='ocr_par' dir='ltr' id='par_1_44' title="bbox 1298 2781 1876 2816">
     <span class='ocr_line' id='line_1_98' title="bbox 1298 2781 1876 2816; baseline -0.003 -8"><span class='ocrx_word' id='word_1_737' title='bbox 1298 2781 1320 2814; x_wconf 86' lang='lat'>²)</span> <span class='ocrx_word' id='word_1_738' title='bbox 1340 2782 1378 2808; x_wconf 84' lang='lat' dir='ltr'>Et</span> <span class='ocrx_word' id='word_1_739' title='bbox 1396 2782 1493 2816; x_wconf 85' lang='lat' dir='ltr'>resign.</span> <span class='ocrx_word' id='word_1_740' title='bbox 1514 2781 1659 2807; x_wconf 85' lang='lat' dir='ltr'>cardinalis</span> <span class='ocrx_word' id='word_1_741' title='bbox 1677 2781 1712 2807; x_wconf 89' lang='lat' dir='ltr'>de</span> <span class='ocrx_word' id='word_1_742' title='bbox 1730 2781 1876 2814; x_wconf 80' lang='lat' dir='ltr'>Aragonia.</span> 
     </span>
    </p>

    <p class='ocr_par' dir='ltr' id='par_1_45' title="bbox 1229 2823 2286 2949">
     <span class='ocr_line' id='line_1_99' title="bbox 1298 2823 2286 2859; baseline -0.003 -7"><span class='ocrx_word' id='word_1_743' title='bbox 1298 2826 1320 2858; x_wconf 80' lang='lat'>³)</span> <span class='ocrx_word' id='word_1_744' title='bbox 1340 2826 1374 2852; x_wconf 94' lang='lat' dir='ltr'>In</span> <span class='ocrx_word' id='word_1_745' title='bbox 1389 2826 1449 2852; x_wconf 83' lang='lat' dir='ltr'>ead.</span> <span class='ocrx_word' id='word_1_746' title='bbox 1466 2826 1530 2852; x_wconf 83' lang='lat' dir='ltr'>eccl.</span> <span class='ocrx_word' id='word_1_747' title='bbox 1544 2840 1580 2844; x_wconf 91' lang='lat'><strong>—</strong></span> <span class='ocrx_word' id='word_1_748' title='bbox 1591 2826 1643 2851; x_wconf 88' lang='lat' dir='ltr'>Die</span> <span class='ocrx_word' id='word_1_749' title='bbox 1655 2826 1689 2852; x_wconf 86' lang='lat'>28</span> <span class='ocrx_word' id='word_1_750' title='bbox 1701 2825 1767 2859; x_wconf 87' lang='lat' dir='ltr'>Apr.</span> <span class='ocrx_word' id='word_1_751' title='bbox 1783 2826 1851 2851; x_wconf 83' lang='lat'>1480</span> <span class='ocrx_word' id='word_1_752' title='bbox 1865 2824 1891 2851; x_wconf 87' lang='lat' dir='ltr'>S.</span> <span class='ocrx_word' id='word_1_753' title='bbox 1907 2825 1937 2850; x_wconf 92' lang='lat' dir='ltr'>P.</span> <span class='ocrx_word' id='word_1_754' title='bbox 1952 2832 2024 2850; x_wconf 89' lang='lat' dir='ltr'>mon.</span> <span class='ocrx_word' id='word_1_755' title='bbox 2039 2832 2059 2850; x_wconf 83' lang='lat' dir='ltr'>s.</span> <span class='ocrx_word' id='word_1_756' title='bbox 2073 2824 2188 2850; x_wconf 82' lang='lat' dir='ltr'>Martini</span> <span class='ocrx_word' id='word_1_757' title='bbox 2200 2823 2286 2850; x_wconf 84' lang='lat' dir='ltr'>dioec.</span> 
     </span>
     <span class='ocr_line' id='line_1_100' title="bbox 1229 2868 2285 2904; baseline -0.002 -8"><span class='ocrx_word' id='word_1_758' title='bbox 1229 2870 1368 2904; x_wconf 86' lang='lat' dir='ltr'>Compost.</span> <span class='ocrx_word' id='word_1_759' title='bbox 1388 2879 1447 2896; x_wconf 87' lang='lat' dir='ltr'>vac.</span> <span class='ocrx_word' id='word_1_760' title='bbox 1468 2879 1516 2904; x_wconf 89' lang='lat' dir='ltr'>per</span> <span class='ocrx_word' id='word_1_761' title='bbox 1533 2879 1583 2896; x_wconf 87' lang='lat' dir='ltr'>res.</span> <span class='ocrx_word' id='word_1_762' title='bbox 1602 2871 1706 2898; x_wconf 67' lang='lat' dir='ltr'>Nicolti</span> <span class='ocrx_word' id='word_1_763' title='bbox 1734 2870 1768 2902; x_wconf 76' lang='grc' dir='ltr'>(Ι)</span> <span class='ocrx_word' id='word_1_764' title='bbox 1797 2870 1849 2903; x_wconf 87' lang='lat' dir='ltr'>epi.</span> <span class='ocrx_word' id='word_1_765' title='bbox 1869 2869 1967 2894; x_wconf 81' lang='lat' dir='ltr'>Paeen.</span> <span class='ocrx_word' id='word_1_766' title='bbox 1987 2868 2121 2895; x_wconf 85' lang='lat' dir='ltr'>concessit</span> <span class='ocrx_word' id='word_1_767' title='bbox 2139 2868 2168 2894; x_wconf 89' lang='lat' dir='ltr'>in</span> <span class='ocrx_word' id='word_1_768' title='bbox 2186 2876 2285 2894; x_wconf 85' lang='lat' dir='ltr'>comm.</span> 
     </span>
     <span class='ocr_line' id='line_1_101' title="bbox 1229 2915 1619 2949; baseline 0 -9"><span class='ocrx_word' id='word_1_769' title='bbox 1229 2923 1289 2949; x_wconf 91' lang='lat' dir='ltr'>epo.</span> <span class='ocrx_word' id='word_1_770' title='bbox 1309 2915 1413 2941; x_wconf 85' lang='lat' dir='ltr'>Tuden.</span> <span class='ocrx_word' id='word_1_771' title='bbox 1435 2915 1462 2947; x_wconf 94' lang='lat' dir='ltr'>(l.</span> <span class='ocrx_word' id='word_1_772' title='bbox 1483 2923 1505 2940; x_wconf 93' lang='grc'>0.</span> <span class='ocrx_word' id='word_1_773' title='bbox 1526 2915 1544 2940; x_wconf 75' lang='lat' dir='ltr'>f.</span> <span class='ocrx_word' id='word_1_774' title='bbox 1565 2915 1619 2946; x_wconf 88' lang='grc'>67).</span> 
     </span>
    </p>

    <p class='ocr_par' dir='ltr' id='par_1_46' title="bbox 1299 2958 1693 2992">
     <span class='ocr_line' id='line_1_102' title="bbox 1299 2958 1693 2992; baseline -0.003 -7"><span class='ocrx_word' id='word_1_775' title='bbox 1299 2958 1321 2991; x_wconf 83' lang='lat'>⁴)</span> <span class='ocrx_word' id='word_1_776' title='bbox 1341 2959 1498 2991; x_wconf 87' lang='lat' dir='ltr'>(Toletan.)‚</span> <span class='ocrx_word' id='word_1_777' title='bbox 1519 2967 1589 2992; x_wconf 81' lang='lat' dir='ltr'>mag.</span> <span class='ocrx_word' id='word_1_778' title='bbox 1611 2958 1693 2984; x_wconf 86' lang='lat' dir='ltr'>theol.</span> 
     </span>
    </p>
   </div>
   <div class='ocr_carea' id='block_1_35' title="bbox 2069 3007 2109 3038">
    <p class='ocr_par' dir='ltr' id='par_1_47' title="bbox 2069 3007 2109 3038">
     <span class='ocr_line' id='line_1_103' title="bbox 2069 3007 2109 3038; baseline 0 0"><span class='ocrx_word' id='word_1_779' title='bbox 2069 3007 2109 3038; x_wconf 83' lang='grc'>27</span> 
     </span>
    </p>
   </div>
  </div>
 </body>
</html>
