2436 3328
152 334 304 374 Rabanfl)

69 387 124 421 b.
145 387 214 420 σω.
235 387 326 427 (1456
345 387 420 418 Maii
439 389 491 427 28)

58 438 202 473 qwente
221 439 272 471 vel
290 439 397 471 deced.
421 441 471 472 J0.

58 734 485 746 ..........

89 763 121 798 b.
142 764 262 796 Donati

43 1110 50 1122 Ι,
62 1073 132 1114 }(ob.
157 1073 331 1113 Godefridi)

43 1245 107 1275 tr.
131 1241 240 1283 Steph.
263 1242 304 1273 ad
326 1242 460 1274 Rossan.

45 1291 118 1334 ἔοι).
140 1294 251 1336 Angeli
273 1296 377 1335 (1438)

49 1347 118 1382 ,ob.
140 1348 262 1380 Nicolai
284 1349 388 1388 (1446)

44 1401 117 1434 ³ob.
142 1401 266 1433 Sabbae
287 1412 315 1433 a.
338 1412 362 1433 S.
386 1413 414 1433 a.

38 1476 40 1478 »
66 1453 117 1486 ob.
139 1454 232 1486 Laur.
257 1455 361 1495 (1448)

65 1507 117 1540 ob.
139 1507 224 1539 Hon.
248 1507 337 1548 (1471
362 1508 446 1548 Oct.)

31 1554 32 1557 ¹
65 1562 106 1592 tr.
128 1561 202 1592 Ursi
222 1561 263 1592 ad
285 1561 443 1593 Theanen.

36 1623 49 1659 ᾗ
66 1613 117 1646 ob.
142 1613 321 1656 Scipionis³)

518 1244 668 1280 Angelus,
691 1255 760 1286 aep.
784 1245 969 1284 Rossanen.,
992 1248 1107 1279 iterum

518 1298 664 1329 Nioolaus
685 1298 724 1329 de
746 1298 886 1330 Venetiis
909 1300 945 1331 Ο.
970 1301 1108 1341 Praed.¹)

521 1351 637 1382 sabbas
660 1351 831 1391 (Carboni),
855 1363 903 1393 ep.
927 1353 1092 1386 Marsican.

518 1510 617 1541 Ursus
638 1511 677 1541 de
700 1511 831 1549 Ursinis,
854 1512 936 1544 decr.
960 1513 1072 1544 doctor

525 336 661 368 Jaeobus
688 337 727 368 de
757 337 855 375 Sierk,
884 342 1044 380 protonot.
1073 340 1203 380 apost.²)

524 389 663 422 «Ioannes
686 390 725 421 de
749 390 896 431 Baden,³)
920 392 957 423 el.
985 393 1061 423 1456
1087 393 1162 424 Jun.
1188 395 1236 430 21,
1262 405 1349 435 prov.

524 442 661 474 Jacobus
682 454 699 474 e
720 444 839 475 march.
862 444 901 475 de
925 445 1071 484 Baden4),
1094 446 1125 477 in
1149 446 1278 488 coadj.⁵)
1301 458 1327 479 8.
1351 448 1372 490 ]”.
1396 459 1420 479 s.

518 1404 704 1436 Laurentius
731 1405 781 1444 (Ο.
809 1405 909 1445 Min.)‚
936 1417 984 1447 ep.
1012 1407 1177 1440 Puteolan.

518 1457 690 1489 Honohius
717 1457 768 1497 (de
794 1469 817 1489 S.
845 1458 968 1499 Cruce),
995 1471 1063 1492 can.
1090 1461 1265 1502 Lateran.2)

521 1563 622 1599 Scipio
646 1564 812 1596 Cicinellus
838 1567 880 1604 (v.
906 1577 1001 1607 supra
1026 1578 1096 1608 pag.
1123 1568 1162 1598 48
1186 1579 1232 1599 nr.
1258 1569 1329 1610 507)

518 1617 714 1652 Augustinus
739 1618 778 1649 de
807 1618 956 1656 Guarino,
983 1619 1112 1651 clericus
1138 1621 1281 1662 Licien.4)

563 163 782 202 Treveren„
808 165 1046 204 Tribunien„
1071 167 1272 205 Triealen„
1301 167 1545 206 Tricaricen„
1570 170 1796 207 'rx-icastrin.
2227 177 2290 210 255

663 262 878 297 Troveren.
904 263 1046 305 (Trier)
1071 265 1104 296 in
1130 266 1315 306 Germania,
1340 269 1478 308 metrop.
1504 267 1637 308 (10000
1660 268 1706 308 ss.)

1476 344 1552 373 1439
1574 343 1648 374 Maii
1672 345 1707 374 19

1475 397 1551 426 1456
1574 396 1643 427 Oct.
1666 398 1705 427 25

1476 449 1554 479 1500
1577 449 1662 490 Sept.
1689 451 1721 480 ll

1766 344 1835 376 Obl.
1859 346 1907 382 66,
1930 346 1968 376 46

1767 397 1886 429 Schede
1907 398 1940 429 di
1964 398 2114 441 Garampi

1766 450 1813 482 Al.
1835 451 1879 482 VI
1900 462 1928 483 a.
1950 453 1968 482 9
1988 452 2059 484 Lat.
2081 453 2099 485 l.
2122 465 2167 495 pr.
2189 454 2211 486 f.
2234 456 2290 486 185

282 530 512 567 Tribunien.
535 533 754 578 (Trebinje)
777 537 810 568 et
833 536 1067 574 Maroanon.
1093 537 1280 581 (Mrkanj)
1303 539 1337 571 in
1362 540 1598 581 Hercegovina,
1623 541 1713 575 suffr.
1738 541 1896 583 Ragusin.
1919 544 2018 586 (33¹l3
2040 545 2089 587 ss.)

522 609 658 641 Michael
679 609 813 647 Natalis
837 611 1001 652 presbyter
1023 613 1174 653 Ragusin.

521 662 645 693 Blasius
672 662 708 694 O.
736 663 886 703 Praed.‚¹)
913 664 990 696 solv.
1018 676 1097 697 serv.
1125 677 1238 698 comm.

522 715 666 746 Donatus
691 716 730 746 de
759 716 899 757 Georgiis
925 717 963 748 de
991 718 1129 759 Ragusio
1157 719 1192 751 O.
1221 720 1331 752 Praed.

524 768 684 804 Georgius,
710 769 810 800 abbas
836 781 920 801 mon.
948 782 971 802 s.
1000 772 1150 804 Petri

1477 617 1553 647 1436
1576 617 1654 657 Aug.
1678 620 1695 647 6
1766 617 1834 649 Obl.
1859 619 1906 655 66,
1930 620 1968 649 28

1477 670 1553 699 1464
1576 669 1645 700 Oct.
1668 671 1708 700 20
1765 670 1834 702 Obl.
1858 671 1906 708 79,
1930 671 1967 702 73

1476 723 1550 752 1481
1574 722 1648 753 Dec.
1675 723 1710 754 17
1766 723 1885 755 Schede
1906 724 1938 755 di
1963 725 2113 767 Garampi

1184 773 1220 804 O.
1250 773 1279 804 S.
1308 774 1372 813 B.2)
1476 776 1551 805 1493
1576 775 1652 806 Julii
1676 777 1712 806 19
1764 777 1815 808 AC
1837 777 1956 808 Camer.
1981 778 2006 815 Ι,
2029 780 2067 809 34

916 862 1152 898 Triburnen.
1177 877 1202 897 v.
1227 865 1443 900 Kilmoren.

656 947 859 983 Triealon.
883 950 1066 992 (Tricala)
1091 952 1125 983 in
1151 953 1336 993 Thessalia,
1360 955 1450 987 suffr.
1477 956 1652 997 Larissen.‚
1675 958 1723 990 tit.

55 1010 58 1015 ¹
72 1044 483 1054 ..........
523 1023 717 1060 (finden-idus,
742 1024 841 1056 abbas
866 1037 949 1057 mon.
975 1038 998 1058 s.
1025 1027 1120 1060 Clem.
1148 1029 1184 1060 Ο.
1212 1029 1243 1061 S.
1269 1030 1332 1070 B.1)

519 1076 675 1108 Henrieus
701 1077 915 1116 (Schadehoet
942 1080 977 1111 O.
1006 1080 1058 1111 Er.
1085 1092 1108 1112 s.
1139 1082 1189 1121 A.)
1204 1082 1227 1122 2)

1476 1032 1550 1062 1471
1574 1032 1649 1063 Feb.
1674 1034 1710 1063 13

1456 1025 1463 1131 Ι
1764 1033 1842 1065 Obo.
1865 1036 1914 1072 83,
1940 1037 1976 1066 19

1476 1086 1552 1115 1494
1576 1085 1648 1116 Jan.
1671 1087 1690 1116 8

1763 1087 1814 1118 AC
1836 1087 1956 1119 Camer.
1981 1088 2006 1126 Ι,
2029 1089 2067 1120 37

515 1167 761 1203 'tricaricen
787 1170 1013 1213 (Tricarioo)
1037 1173 1071 1205 in
1096 1175 1193 1206 Italia
1216 1175 1322 1216 infer„
1346 1176 1438 1208 suffr.
1462 1177 1676 1209 Acheruntia.
1701 1179 1779 1218 (200
1802 1179 1852 1221 ss.)

1474 1253 1550 1282 1433
1572 1252 1647 1284 Feb.
1670 1255 1688 1284 9
1763 1254 1814 1285 AC
1835 1255 1963 1287 Miscell.
1987 1256 2013 1294 Ι,
2035 1258 2094 1288 234

1475 1306 1551 1336 1438
1573 1305 1643 1337 Oct.
1666 1307 1706 1337 20
1763 1307 1832 1338 Obl.
1856 1310 1904 1346 66,
1927 1310 1966 1339 44

1475 1359 1551 1388 1446
1573 1359 1652 1400 Aug.
1675 1361 1713 1390 22
1763 1360 1832 1392 Obl.
1856 1361 1904 1399 72,
1929 1363 1966 1392 15

1473 1411 1549 1442 1447
1570 1412 1663 1443 Mart.
1686 1414 1725 1443 29
1762 1413 1832 1445 Obl.
1855 1414 1904 1452 72,
1927 1415 1966 1445 24

1474 1465 1551 1495 1448
1572 1465 1647 1506 Apr.
1673 1466 1710 1496 10
1762 1466 1831 1497 Obl.
1855 1467 1903 1505 72,
1926 1469 1962 1498 31

1474 1517 1548 1548 1471
1573 1518 1642 1549 Oct.
1668 1519 1704 1549 18
1762 1518 1830 1551 Obl.
1854 1521 1903 1558 83,
1925 1522 1964 1551 22

1474 1570 1550 1601 1474
1575 1571 1667 1602 Mart.
1693 1573 1732 1602 22
1761 1572 1830 1604 Obl.
1853 1574 1902 1611 83,
1925 1575 1964 1605 32

1474 1623 1549 1654 1497
1573 1624 1646 1656 Jan.
1669 1626 1687 1655 9
1760 1625 1812 1657 AO
1834 1626 1953 1658 Camer.
1977 1627 2003 1665 I,
2026 1629 2064 1659 52

427 1707 663 1743 'fricanti-in.
689 1709 1274 1753 (saint-Paul-trois-chateaux)
1298 1715 1332 1747 in
1356 1715 1471 1753 Gallia,
1495 1716 1585 1748 suffr.
1610 1716 1775 1749 Arelaten.
1801 1719 1880 1758 (400
1903 1719 1951 1756 fl.)

65 1781 116 1814 ob.
138 1782 275 1814 Deodati

516 1785 620 1821 nugo,
643 1796 691 1826 ep.
715 1786 894 1823 Vasionen.,
918 1787 948 1817 in
971 1789 1112 1827 comm.¹)

64 1845 129 1867 rev.
141 1835 172 1866 11.
185 1846 298 1867 comm.
312 1837 357 1876 (et
368 1837 484 1878 coadj.)
517 1838 712 1871 Romanetus
734 1839 773 1870 de
798 1839 927 1877 Velheu‚
951 1840 1018 1871 dec.
1045 1841 1204 1873 Valentin.
1229 1843 1263 1873 in
1285 1843 1429 1883 adraim)

517 1891 693 1927 Stephanus
717 1892 891 1930 Genevesii,
914 1904 983 1924 ean.
1007 1895 1064 1935 ips.
1089 1895 1190 1934 88814)

64 1888 115 1920 ob.
135 1888 332 1928 Romaneffl)

523 2007 663 2034 Treveren.

38 2080 41 2084 ,
135 2056 157 2088 ¹)
176 2056 287 2083 Resorv.
311 2058 336 2083 ei
357 2058 385 2092 (†
407 2058 503 2092 Spirae
527 2060 596 2086 1439
613 2060 679 2086 Maii
698 2061 742 2094 19)
765 2064 855 2087 castro
876 2064 905 2087 et
926 2062 1029 2095 oppido
1051 2062 1122 2096 Βορ-

32 2091 33 2095 ¹
64 2101 134 2136 perd
154 2109 218 2127 cum
239 2101 348 2127 teloneo
363 2105 392 2128 et
414 2111 449 2130 ex
466 2107 591 2136 provent.
610 2104 710 2130 telonei
734 2106 763 2130 in
788 2105 891 2139 Engers
910 2107 977 2132 1000
992 2106 1020 2132 fl.
1038 2110 1123 2140 atque

65 2153 81 2172 o
104 2145 242 2172 celleraria
266 2145 410 2172 Wesalien.
436 2148 489 2174 200
513 2151 597 2174 carat.
624 2149 681 2174 vini
702 2149 820 2175 melioris
837 2153 866 2175 et
883 2151 900 2175 4
917 2151 1030 2184 plaustr.
1050 2151 1121 2176 foeni

32 2208 34 2210 -
62 2198 96 2217 ιο
121 2190 190 2223 jure,
217 2190 291 2224 quod
318 2190 403 2217 habet
428 2192 542 2217 ecclesia
567 2192 676 2219 Trever.
701 2194 729 2218 in
753 2194 904 2227 piscatione
924 2195 1073 2220 salinorum
1094 2195 1121 2220 in

36 2231 42 2270 ζ
62 2233 161 2261 Rheno
192 2243 277 2269 prope
308 2235 334 2262 S.
367 2235 497 2262 Goarum.
538 2236 582 2262 Ad
612 2237 691 2270 cujus
716 2237 825 2263 Rabani
850 2239 1012 2265 instantiam
1040 2239 1066 2265 S.
1090 2240 1119 2265 P.

65 2279 99 2307 27
115 2279 182 2306 Jun.
201 2279 269 2306 1438
286 2279 424 2306 Joannem
440 2288 482 2314 ep.
501 2280 628 2307 Leodien.
646 2281 836 2315 coadjutorem
860 2283 911 2316 ipsi
935 2283 1120 2316 deputaverat

62 2322 135 2356 (Obl.
160 2324 203 2354 66,
227 2324 281 2356 42).

23 2359 41 2391 ².
129 2367 151 2400 ²)
170 2367 250 2394 Cous
281 2368 352 2395 1439
381 2368 451 2402 Aug.
483 2370 518 2395 30
548 2369 594 2403 (al.
629 2370 703 2404 Sept.
727 2372 768 2402 11,
796 2371 842 2397 die
865 2371 1046 2406 nomiman,
1075 2373 1119 2398 oui

26 2434 32 2447 Δ.
60 2412 130 2439 1439
152 2411 214 2439 Oet.
239 2413 274 2439 30
296 2413 370 2439 mitt.
396 2413 518 2447 pallium.
555 2413 642 2444 Quem
663 2415 731 2448 Eug.
754 2415 793 2441 IV
814 2418 912 2449 utpote
932 2417 1117 2442 scismaticum

26 2448 37 2464 '³
58 2458 88 2483 et
107 2455 275 2482 haereticum
304 2457 427 2490 privavit
454 2458 488 2483 24
514 2457 578 2484 Jan.
606 2459 681 2488 1446,
700 2459 809 2485 Joanne
826 2459 861 2485 de
878 2460 1039 2493 Burgundia
1056 2469 1115 2494 epo.

31 2502 34 2508 '
57 2499 231 2527 fflmeraoen.
250 2500 287 2527 ad
303 2501 448 2527 Treveren.
467 2502 603 2528 translato
627 2503 699 2534 (Obl.
719 2504 761 2534 72,
782 2505 838 2535 ll);
866 2504 912 2529 sed
939 2505 1069 2531 Nicolaus
1092 2504 1116 2531 V

38 2550 123 2581 soum
157 2545 224 2572 1447
257 2545 293 2571 ab
325 2545 378 2572 illis
410 2547 532 2572 censuris
564 2547 685 2574 absolvit
717 2550 746 2573 et
778 2548 842 2574 Dec.
876 2550 893 2574 4
926 2549 954 2574 in
978 2549 1115 2583 integrum

32 2582 187 2616 sustituit.
225 2588 279 2615 cfr.
300 2589 390 2615 Later.
412 2590 458 2616 lib.
478 2591 527 2616 421
549 2591 566 2616 f.
590 2592 647 2617 161.

115 2624 150 2666 ’8)
169 2633 204 2659 111
222 2633 319 2659 minor.
340 2635 450 2660 constit.

128 2677 150 2710 ¹)
169 2677 297 2711 Praepos.
319 2677 383 2704 ecel.
404 2687 425 2704 s.
447 2678 556 2705 Paulini
575 2679 729 2710 Treveren.,
750 2681 778 2705 in
799 2681 894 2706 minor.
917 2685 1013 2711 const.‚
1034 2690 1058 2707 a.
1081 2682 1115 2707 20

29 2749 32 2755 ,
57 2728 141 2755 ngens
159 2721 187 2754 (τ
208 2722 272 2747 1511
294 2721 359 2755 Apr.
380 2722 434 2754 27).

113 2765 150 2798 ,5)
168 2765 246 2792 nlius
263 2765 380 2792 Joannis
396 2767 466 2801 aepi-
485 2767 512 2799 (†
531 2768 598 2794 1503
615 2768 693 2794 Febr.
712 2769 752 2800 9);
780 2769 827 2794 cfr.
846 2769 891 2795 Ac
907 2769 1011 2795 Camer.
1030 2770 1052 2800 Ι,
1070 2771 1112 2796 88.

507 2838 661 2864 Tribunien.

127 2888 148 2921 ¹)
168 2889 248 2915 Prov.
271 2890 338 2914 1464
356 2889 437 2915 Mart.
461 2890 501 2915 19.

125 2933 147 2965 ¹)
167 2933 259 2959 Dioee.
284 2932 475 2966 Quinqueeccl.
501 2934 528 2967 (†
548 2935 634 2967 1513).

1472 1845 1549 1875 1445
1570 1844 1645 1876 Feb.
1668 1847 1686 1876 3

1472 1898 1549 1928 1450
1569 1897 1643 1929 Maii
1667 1900 1700 1929 11

1761 1791 1774 1890 ἒ
1825 1820 1944 1852 Schede
1967 1822 1998 1853 di
2023 1823 2172 1865 Garampi

1760 1899 1829 1931 Obl.
1852 1900 1900 1939 72,
1923 1902 1959 1932 41

1691 2014 1822 2042 Tricalen.

1302 2055 1323 2087 ¹)
1343 2055 1494 2090 Osnabrug.
1529 2056 1609 2087 Quod
1624 2065 1696 2083 mon.
1714 2059 1832 2084 retinens
1847 2059 1874 2084 in
1890 2067 1988 2085 comm.
2004 2060 2112 2087 obtinet
2127 2061 2177 2087 fac.
2194 2070 2281 2090 exerc.

1231 2099 1328 2132 pontif.
1354 2100 1381 2124 in
1404 2100 1455 2125 civ.
1479 2103 1508 2126 et
1530 2100 1614 2126 dioec.
1639 2101 1826 2136 Osnabrugen.

1300 2143 1321 2175 ²)
1343 2144 1425 2169 Suffr.
1449 2153 1570 2178 eperum.
1595 2145 1746 2180 Osnabrug.
1770 2150 1798 2172 et
1820 2147 1966 2174 Monaster.
1991 2148 2018 2180 (†
2041 2157 2062 2174 8.
2089 2150 2174 2182 1515).

1676 2191 1835 2218 Trioni-icen.

1300 2232 1320 2263 ¹)
1340 2232 1417 2258 Prior
1435 2233 1591 2266 provinciae
1609 2242 1629 2259 s.
1650 2234 1795 2265 Dominici,
1815 2244 1885 2270 mag.
1906 2236 1988 2262 theol.

1298 2276 1320 2307 ²)
1339 2276 1418 2302 Deer.
1439 2276 1544 2308 doctor,
1564 2278 1598 2303 29
1616 2287 1640 2304 a.
1661 2287 1750 2312 agens.

1297 2320 1318 2351 ¹⁵)
1339 2321 1434 2354 Nuper
1451 2330 1468 2346 a
1485 2321 1606 2355 quodam
1624 2323 1768 2348 interfecti.
1804 2323 1857 2350 cfr.
1878 2324 1977 2351 Burch.
1998 2325 2071 2351 Diar.
2091 2326 2132 2352 ed.
2155 2326 2279 2353 Thuaeme

1227 2363 1265 2394 ΙΙ,
1285 2365 1343 2390 352.

1295 2408 1316 2440 ⁴¹)
1336 2409 1374 2435 Et
1392 2409 1515 2435 subdiac.
1536 2413 1635 2444 apost.‚
1655 2411 1765 2443 nobilis;
1787 2412 1864 2439 sedet
1883 2421 1970 2447 usque
1989 2414 2025 2440 ad
2044 2423 2068 2441 a.
2090 2415 2164 2441 1510.

1676 2456 1830 2484 Tricsstrin.

1294 2496 1314 2528 ¹)
1334 2497 1383 2523 Cui
1396 2499 1551 2524 senescenti
1564 2498 1716 2532 deputatur
1728 2500 1815 2533 coadj.
1830 2502 1942 2529 Pontius
1955 2502 1989 2528 de
2004 2502 2074 2528 Sade
2087 2503 2119 2528 el.
2134 2503 2275 2530 Vasionen.

1224 2541 1290 2565 1444
1309 2541 1389 2567 Mart.
1409 2543 1451 2568 30.

1291 2584 1312 2616 ²)
1332 2586 1367 2611 In
1389 2594 1475 2619 epum.
1502 2588 1567 2613 1448
1590 2587 1653 2621 Apr.
1678 2588 1701 2613 2.

1290 2628 1311 2660 ³)
1332 2630 1369 2655 Et
1390 2639 1477 2656 revoc.
1501 2635 1617 2665 promot.
1642 2633 1755 2660 Joannis
1775 2633 1810 2658 de
1832 2633 1949 2667 Segovia.
1969 2635 1999 2660 21
2025 2635 2080 2661 Jul.
2105 2636 2172 2662 1449
2192 2636 2268 2667 fact„

1220 2673 1260 2698 ita
1280 2676 1312 2698 ut
1332 2674 1461 2700 retineret
1481 2676 1574 2701 omnia
1594 2676 1733 2707 beneficia,
1755 2685 1825 2710 quae
1845 2678 1872 2703 in
1895 2678 2034 2704 Sabaudia
2055 2680 2220 2713 possidebat,
2241 2683 2269 2706 ot

1220 2717 1330 2750 insuper
1351 2718 1502 2751 prioratum
1523 2720 1557 2745 de
1578 2720 1726 2746 Vicenobio
1746 2721 1862 2755 depend.
1885 2731 1902 2747 a
1923 2731 1995 2748 mon.
2018 2723 2162 2757 Magniloei
2182 2724 2267 2750 dioec.

1220 2761 1348 2788 Nemaus.
1369 2763 1397 2788 in
1416 2771 1514 2789 comm.
1535 2764 1672 2790 obtineret
1691 2765 1762 2797 (ObL
1784 2766 1827 2796 72,
1846 2767 1900 2798 37).
1943 2767 2035 2798 Quum
2053 2768 2113 2800 ejus
2132 2768 2268 2801 promotio

1225 2810 1407 2837 revocaretur,
1429 2808 1453 2832 ei
1475 2816 1567 2834 annua
1588 2809 1681 2842 pensio
1706 2810 1754 2835 150
1775 2809 1803 2836 fl.
1825 2818 1907 2843 super
1927 2810 2007 2837 fruct.
2031 2811 2093 2837 ecel.
2116 2812 2272 2839 Trieastrin.

1225 2853 1364 2876 reservata
1382 2854 1432 2876 est.
1470 2851 1524 2877 Ofr.
1545 2853 1713 2879 Maurianen.

1293 2893 1315 2926 4)
1335 2895 1425 2920 Natus
1440 2897 1513 2922 1410.
1549 2897 1599 2922 Oui
1612 2897 1744 2923 beneficia
1756 2906 1805 2923 sua
1818 2898 1934 2924 retinere
1947 2899 2124 2932 permittitur,
2146 2900 2275 2934 imposito

1227 2941 1319 2964 tamen
1340 2947 1420 2965 onere
1441 2941 1586 2973 pensionis,
1606 2941 1641 2967 de
1661 2949 1716 2975 qua
1736 2942 1764 2967 in
1784 2945 1851 2968 nota
1871 2943 1995 2976 pmeced.
