2436 3328
816 169 917 213 App.
940 170 968 204 Ι.
992 170 1282 206 Annotationes
1305 171 1359 206 ad.
1378 174 1478 215 part.
1502 173 1521 206 Ι
2232 181 2276 212 43

540 270 643 304 1480.

87 362 90 365 ,
139 328 212 358 Jon.
227 328 244 358 7
265 327 314 357 die
326 327 448 358 Veneris
461 328 601 367 Baptista
614 339 660 367 ep.
675 329 832 358 Tusculan.
847 329 927 359 card.
941 340 964 359 s.
979 330 1040 360 Ma-

49 372 126 410 ,u’ns
139 372 171 402 in
185 371 303 411 porticu
318 382 449 411 nuncup.
467 373 526 402 fuit
541 370 655 402 electus
669 373 699 401 in
715 373 911 403 camerarium
927 374 1040 412 collegii

34 411 97 449 ’ξὲΣῇ
107 415 281 446 consistorio
294 426 329 445 ea
341 416 390 445 die
403 416 493 451 facto,
508 421 544 446 ut
557 417 647 446 moris
660 421 715 452 est,
730 421 762 446 et
773 427 826 456 per
839 428 946 447 manus
962 418 990 447 S.
1006 419 1038 447 P.

27 454 174 500 ‘ik-&oepit
185 459 312 499 sigillum
325 460 438 499 collegii
451 465 481 490 et
493 465 676 499 potestatem
689 471 889 496 censurarum,
904 466 938 491 ut
951 462 1040 491 moris

55 507 122 544 jun
152 503 267 534 dictum
297 504 425 543 sigillum
456 509 662 544 reportaverat
692 505 723 534 in
753 505 928 535 consistorio
958 506 1037 535 card.

56 546 251 583 Uolicanus,
271 548 340 587 quia
357 549 437 578 card.
456 559 478 578 s.
498 549 579 578 Petri
597 549 635 578 ad
653 549 740 584 vinc.,
759 549 938 579 camerarius
956 560 1038 588 prae-

59 592 143 629 }bsriti
166 592 245 627 anni,
271 603 330 622 non
354 593 413 622 fuit
436 593 466 622 in
490 593 673 628 consistorio,
699 593 769 632 quia
792 603 852 622 non
876 598 940 622 erat
965 594 1038 623 bene

32 636 231 676 d'npositus.
273 636 367 674 (Arm.
392 637 513 672 XXXI,
535 639 571 667 52
592 638 612 666 f.
634 639 694 675 59.)

20 680 22 683 ’
136 681 208 710 Jan.
221 681 259 710 14
279 681 327 710 die
339 681 460 710 Veneris
474 682 502 711 S.
516 682 548 710 P.
561 681 592 710 in
603 692 657 710 suo
668 681 842 710 consistorio
853 686 967 711 secreto
978 693 1037 711 cre-

59 725 126 755 avit
142 725 291 754 Joannem
307 725 344 754 de
360 725 509 764 Aragom'a
524 725 599 754 diac.
616 725 696 754 card.
713 735 735 754 s.
753 725 877 754 Adriani
893 726 923 754 in
940 726 1036 764 presb.

59 769 151 804 card„
165 773 196 798 et
209 769 278 808 quia
291 769 338 798 tit.
353 780 376 798 s.
390 769 522 804 Adriani,
537 769 588 808 qui
601 780 694 808 usque
707 769 745 798 ad
758 774 946 807 praesentem
958 770 1037 799 diem

60 812 159 843 fuerat
171 813 277 842 titulus
289 813 491 848 diaconorum,
505 813 586 842 dicto
597 813 677 842 card.
692 813 750 842 fuit
762 818 939 849 reservatus,
954 814 1036 843 illum

60 857 192 887 mutavit
205 857 235 886 in
249 857 296 886 tit.
311 859 346 894 (s.
361 857 495 894 Adriani)
509 858 605 896 presb.
620 857 714 892 card.;
729 861 760 886 et
773 857 829 886 hoc
842 858 879 887 de
892 868 1037 887 consensu

59 901 264 931 cardinalium.
305 901 338 930 L.
360 912 384 930 c.

135 945 207 975 Jan.
224 945 261 974 21
288 945 336 974 (110
353 945 473 975 Veneris
492 945 634 984 Georgius
651 946 756 975 Hesler
772 945 820 974 tit.
838 956 860 975 S.
880 946 988 975 Luciae
1005 947 1035 975 in

59 989 139 1019 silice
156 989 252 1028 presb.
271 989 351 1018 card.
370 990 474 1019 Hesler
492 1000 632 1028 nuncup.‚
652 990 773 1019 veniens
791 989 828 1019 de
846 990 1033 1026 Alamannia,

58 1033 186 1063 intravit
200 1033 312 1063 Urbem
327 1044 380 1072 per
394 1038 512 1072 portam
528 1034 556 1062 b.
573 1034 684 1063 Mariae
699 1034 736 1063 de
753 1034 867 1072 Populo
883 1038 913 1063 et
929 1035 1035 1064 deinde

58 1077 99 1108 ab
122 1077 173 1107 illo
206 1077 270 1107 loco
294 1077 457 1107 associatus
482 1077 540 1106 fuit
565 1088 617 1116 per
642 1088 744 1107 omnes
770 1078 849 1107 card.
877 1089 970 1117 usque
995 1079 1034 1108 ad

57 1121 205 1161 palatium
226 1132 249 1151 s.
273 1121 354 1151 Petri
375 1125 407 1151 et
427 1121 539 1151 ibidem
561 1132 613 1160 per
637 1122 665 1151 S.
690 1123 722 1151 P.
747 1122 777 1151 in
799 1122 919 1161 publico
941 1123 1035 1152 consi-

57 1165 150 1196 storio
165 1169 301 1204 receptus
317 1166 355 1195 ad
371 1166 505 1195 osculum
520 1166 615 1204 pacis;
633 1171 664 1195 et
680 1166 737 1195 alia
754 1166 835 1195 facta
852 1167 982 1202 fuerunt,
1001 1172 1035 1196 ut

57 1209 161 1244 moritu
179 1213 210 1239 et
225 1209 332 1239 deinde
349 1209 407 1238 fuit
423 1210 587 1239 associatus
604 1221 656 1248 per
673 1211 824 1249 praefatos
842 1211 921 1240 card.
942 1222 1034 1250 usque

57 1252 97 1284 ad
116 1253 240 1283 domum
260 1253 454 1283 habitationis
475 1264 554 1288 suae,
577 1258 611 1283 ut
633 1254 722 1283 moris
743 1259 796 1284 est.
839 1255 871 1284 L.
894 1265 918 1284 0.

131 1297 204 1327 Jan.
217 1297 256 1327 28
278 1297 325 1327 die
339 1297 460 1327 Veneris
473 1298 504 1327 in
517 1298 692 1328 consistorio
705 1303 819 1328 secreto
832 1299 862 1328 in
877 1299 941 1338 ejus
954 1299 1033 1338 prin-

56 1341 135 1381 cipio
159 1346 296 1381 apertum
322 1352 354 1371 os
383 1342 508 1381 Georgio
534 1343 613 1371 card.
641 1353 663 1372 s.
691 1343 800 1372 Luciae
826 1343 856 1372 in
883 1343 975 1378 silice;
1003 1348 1034 1373 et

56 1385 194 1425 deinceps
213 1385 304 1415 debet
323 1386 501 1425 participare
522 1390 578 1415 etc.
620 1387 652 1416 L.
675 1397 699 1416 c.

131 1429 213 1459 Maii
234 1430 252 1459 1
285 1429 333 1459 die
356 1430 458 1459 Lunae
484 1430 626 1469 Georgius
649 1431 696 1460 tit.
722 1442 743 1460 s.
769 1431 877 1460 Luciae
900 1431 931 1460 in
954 1431 1033 1461 silice

55 1473 153 1515 [nub.
183 1473 262 1503 card.
295 1474 399 1503 Hesler
430 1475 508 1513 vulg.
542 1485 672 1513 nuncup.
705 1475 839 1504 discessit
870 1475 909 1505 ab
940 1476 1031 1511 Urbe,

54 1516 182 1557 dirigens
193 1527 308 1556 gressus
320 1529 388 1547 suos
401 1529 503 1548 versus
512 1519 736 1554 Alamannjam;
754 1523 785 1548 et
801 1519 848 1549 die
864 1521 882 1549 3
898 1519 1032 1558 ejusdem

54 1561 163 1592 mensis
176 1561 210 1591 Β.
225 1572 271 1601 ep.
286 1562 443 1592 Tusculan.
458 1563 537 1592 card.
552 1574 575 1592 s.
590 1563 701 1592 Mariae
714 1563 745 1592 in
758 1563 875 1602 porticu
889 1574 1030 1603 nuncup.,

53 1606 232 1636 camerarius
250 1606 372 1645 collegii,
392 1607 495 1636 retulit
514 1607 586 1636 mihi
608 1607 770 1642 Jeronimo,
792 1608 872 1646 quod
892 1608 1031 1647 deinceps

53 1649 133 1680 idem
152 1650 232 1680 card.
254 1650 358 1680 Hesler
378 1661 438 1680 non
458 1651 660 1690 participaret.
702 1652 734 1681 L.
757 1662 780 1681 0.

130 1693 203 1733 Apr.
230 1694 269 1725 28
296 1695 346 1724 Ju.
375 1705 420 1734 ep.
452 1695 590 1724 Sabinen.
618 1696 698 1725 card.
727 1707 749 1725 s.
779 1696 859 1725 Petri
886 1696 925 1725 ad
953 1696 1029 1725 vinc.

53 1747 184 1778 nuncup.
200 1742 317 1768 creatus
333 1739 391 1768 fuit
406 1739 521 1778 legatus
536 1740 573 1769 de
589 1740 680 1769 latere
696 1740 727 1768 in
743 1740 900 1769 Franciam
916 1745 947 1769 et
962 1745 1031 1779 post

53 1781 261 1812 consistorium
287 1783 345 1812 fuit
371 1783 535 1813 associatus
561 1794 613 1822 per
639 1794 741 1813 omnes
768 1784 847 1813 card.
876 1795 969 1823 usque
992 1785 1031 1813 ad

53 1825 177 1856 domum
195 1826 389 1856 habitationis
406 1838 477 1856 suae
494 1827 582 1866 juxta
600 1832 719 1857 sanctos
738 1829 897 1867 apostolos.
934 1829 966 1858 L.
986 1839 1010 1858 c.

130 1869 212 1900 Maii
222 1870 259 1900 11
281 1871 361 1900 card.
374 1881 396 1900 s.
410 1871 520 1901 Mariae
532 1872 563 1901 in
574 1872 701 1911 porticu,
715 1873 894 1902 camerarius
906 1873 1028 1911 collegii,

53 1914 157 1944 retulit
173 1914 245 1944 mihi
259 1914 279 1944 J
281 1915 421 1950 eronimo,
444 1915 642 1945 deliberatum
654 1916 743 1946 fuisse
760 1927 812 1955 per
824 1927 926 1946 omnes
938 1917 1028 1952 card.,

53 1958 134 1998 quod
158 1959 209 1988 Ju.
233 1969 279 1998 ep.
305 1959 443 1988 Sabinen.
467 1960 546 1989 card.
571 1970 593 1989 s.
619 1960 699 1990 Petri
722 1960 761 1989 ad
784 1961 861 1990 vinc.
886 1971 1027 2000 nuncup.‚

53 2002 104 2042 qui
131 2002 161 2031 in
188 2013 278 2041 regno
306 2003 447 2033 Franciae
469 2008 586 2033 creatus
610 2004 708 2033 fuerat
728 2005 842 2043 legatus
863 2005 900 2034 de
925 2005 1026 2040 latere,

52 2050 84 2076 et
94 2046 158 2076 Phi.
170 2046 218 2076 tit.
229 2057 267 2076 ss.
281 2047 301 2076 J
303 2047 407 2077 oannis
417 2051 448 2076 et
458 2048 543 2077 Pauli
555 2048 634 2077 card.
648 2048 874 2078 Matisconensis
884 2059 1026 2088 nuncup.,

52 2090 103 2130 qui
116 2090 251 2120 similiter
262 2091 293 2120 in
303 2091 460 2121 Franciam
470 2091 566 2121 iturus
579 2097 632 2127 est,
647 2097 781 2131 tempore
791 2103 862 2122 suae
874 2093 1027 2122 absentiae

50 2134 230 2174 participare
248 2135 359 2164 debent
378 2140 484 2174 utpote
502 2135 630 2174 gratiam
648 2136 818 2166 huiusmodi
831 2147 848 2166 0
864 2147 887 2166 s.
905 2137 1026 2175 collegio

50 2178 204 2208 habentes.
245 2179 278 2208 L.
300 2190 324 2208 c.

126 2223 208 2252 Maii
229 2223 267 2252 15
299 2227 368 2262 post
390 2223 550 2262 prandium
572 2223 636 2253 Phi.
661 2224 708 2253 tit.
732 2234 770 2253 ss.
796 2225 865 2254 Joh.
890 2229 920 2254 et
942 2225 1027 2254 Pauli

48 2267 128 2297 eard.
156 2266 381 2297 Matisconensis
408 2278 538 2307 nuncup.
567 2267 702 2297 discessit
728 2278 765 2297 ex
792 2269 882 2304 Urbe,
910 2279 1025 2307 gressus

48 2321 117 2342 suos
128 2311 256 2350 dirigens
268 2321 370 2341 versus
383 2312 548 2346 Franciam,
563 2316 594 2341 et
605 2312 763 2341 continuat
774 2312 953 2352 participare
965 2323 1025 2342 non

48 2354 188 2386 obstante
211 2355 356 2391 absentia,
382 2366 419 2385 ex
434 2356 531 2394 gratia
549 2356 604 2385 sibi
621 2356 711 2391 facta,
729 2360 764 2385 ut
778 2367 869 2395 supra
884 2361 1024 2386 notatum

48 2402 102 2430 ent.
143 2399 176 2429 L.
197 2410 222 2429 c.

123 2443 214 2473 Junii
226 2443 246 2473 9
271 2443 358 2473 finito
373 2444 548 2473 consistorio
565 2444 704 2473 Julianus
719 2454 764 2483 ep.
784 2444 922 2474 Sabinen.
940 2445 1020 2474 card.

46 2496 72 2517 a.
93 2487 174 2517 Petri
194 2487 233 2517 ad
254 2487 330 2517 vinc.
353 2488 473 2517 recessit
493 2488 531 2517 de
552 2488 633 2518 Urbe
654 2499 706 2527 per
727 2492 846 2527 portam
867 2499 889 2518 s.
912 2488 1023 2518 Mariae

47 2530 86 2561 de
101 2530 216 2570 Populo
232 2535 264 2561 et
279 2531 336 2561 ivit
352 2532 391 2561 ad
408 2537 508 2571 partes
528 2532 649 2567 Galliae,
668 2536 699 2561 et
716 2532 775 2561 fuit
791 2532 954 2562 associatus
972 2543 1024 2571 per

35 2584 150 2605 ‘omnes
165 2575 244 2605 card.
261 2586 355 2615 usque
370 2576 409 2605 ad
426 2576 583 2615 Populum,
602 2580 636 2605 ut
652 2580 698 2605 est
714 2576 812 2606 moris.
845 2577 877 2606 L.
895 2587 920 2606 c.
938 2577 958 2606 f.
976 2579 1021 2606 60.

122 2619 213 2649 Junii
224 2619 262 2649 14
284 2619 332 2649 die
344 2620 480 2650 Mercurii
495 2620 638 2659 Georgius
651 2620 698 2650 tit.
713 2631 750 2650 ss.
765 2621 846 2649 Petri
859 2625 890 2650 et
902 2621 1022 2650 Marcel-

46 2662 98 2692 lini
110 2662 207 2702 presb.
220 2663 299 2693 card.
313 2663 546 2702 (Ulixbonensis)
557 2664 678 2694 veniens
690 2664 727 2694 de
741 2665 922 2703 Portugallia
931 2665 1022 2694 intra-

46 2706 92 2736 vit
106 2707 218 2737 Urbem
231 2707 293 2737 sine
307 2718 426 2747 pompa,
442 2708 512 2747 quia
525 2708 671 2743 infirmus,
687 2713 718 2738 et
731 2708 768 2738 de
782 2713 870 2738 nocte
884 2709 942 2738 fuit
956 2719 1021 2748 por-

46 2754 129 2791 tatus
153 2761 246 2791 usque
269 2751 308 2781 ad
331 2751 454 2782 domum
477 2763 548 2782 suae
571 2752 767 2782 habitationis
791 2763 860 2782 cum
884 2753 967 2792 equis
991 2757 1022 2782 et

45 2804 113 2825 cum
134 2795 276 2825 cathedra
298 2795 412 2826 Summi
433 2797 520 2826 Pont.
561 2797 594 2826 L.
616 2807 640 2826 0.

119 2839 211 2869 (10ηῆ
235 2840 274 2869 16
309 2839 357 2869 die
382 2840 503 2870 Veneris
531 2840 560 2870 S.
589 2841 621 2870 P.
649 2841 679 2870 in
706 2840 880 2870 consistorio
907 2845 1020 2870 secreto

2 2903 3 2906 =
43 2883 158 2913 creavit
171 2883 303 2922 legatum
317 2894 336 2913 a
350 2884 442 2913 latere
458 2884 506 2914 Jo.
524 2884 695 2924 Baptistam
710 2885 747 2914 de
765 2884 888 2914 Sabellis
903 2895 940 2914 ss.
958 2885 1019 2914 Viti

0 2940 5 2950 ·¹
43 2930 76 2957 et
89 2927 217 2957 Modesti
232 2927 307 2957 diac.
325 2927 404 2957 card.
421 2928 451 2957 in
467 2928 523 2958 civ.
541 2929 682 2958 Perusina
698 2933 729 2958 et
744 2928 809 2968 ejus
824 2929 971 2964 districtu,
989 2933 1019 2958 et

1060 640 1115 668 418

1057 904 1112 933 419

1055 1257 1112 1286 420

1054 1389 1107 1418 421

1052 1654 1108 1682 422

1051 1830 1108 1858 423

1048 2183 1104 2211 424

1046 2402 1101 2431 425

1043 2578 1099 2607 426

1041 2798 1096 2827 427

1215 269 1302 299 finito
1318 270 1493 300 consistorio
1509 272 1567 301 fuit
1583 273 1747 302 associatus
1763 285 1815 312 per
1831 285 1933 304 omnes
1950 276 2029 305 card.
2048 287 2140 315 usque
2157 278 2196 307 ad

1214 314 1338 344 domum
1359 314 1555 345 habitationis
1575 327 1655 352 suae,
1678 322 1713 346 ut
1734 318 1823 347 moris
1845 323 1899 348 est.
1944 320 1976 349 L.
1999 330 2023 349 c.
2218 323 2275 352 428

1289 367 1371 397 ‚Iulii
1391 368 1410 397 3
1442 368 1490 398 die
1513 370 1615 399 Lunae
1639 370 1771 399 Joannes
1796 371 1928 401 Jacobus
1951 373 1987 402 de
2013 373 2196 404 Scrofonatis

1215 411 1414 448 (Sclafenatis‚
1449 413 1500 442 cfr.
1527 414 1596 448 VII,
1623 415 1670 451 32)
1697 415 1875 454 archipresb.
1907 417 1975 446 eccl.
2002 428 2039 446 ss.
2066 418 2140 447 Celsi
2166 423 2196 447 et

1216 455 1329 484 Juliani
1348 455 1385 485 de
1405 457 1495 491 Urbe,
1519 458 1547 487 S.
1569 459 1601 487 P.
1623 458 1821 488 cubicularius
1841 465 1979 495 secretus,
2001 461 2037 490 de
2058 472 2145 491 mane
2165 463 2195 491 in

1213 499 1388 529 consistorio
1399 505 1521 537 secreto,
1535 506 1570 531 ut
1581 502 1670 532 moris
1682 507 1735 537 est,
1750 503 1807 532 fuit
1819 504 1929 533 electus
1941 516 1993 543 per
2004 516 2025 535 s.
2039 506 2195 545 collegium

1213 543 1244 572 in
1261 544 1399 574 clericum
1417 549 1447 574 et
1464 546 1655 576 secretarium
1673 547 1765 585 ipsius
1782 548 1895 586 collegii
1913 549 1977 578 loco
1997 549 2141 588 Stephani
2158 551 2195 580 de

1214 587 1339 617 Burellis
1355 599 1450 627 nuper
1465 589 1496 618 in
1513 590 1593 620 Urbe
1610 591 1772 626 interfecti;
1791 596 1821 620 et
1838 592 1942 622 eadem
1958 593 2005 622 die
2022 598 2091 632 post
2107 605 2194 633 pran-

1213 631 1296 661 dium
1321 632 1354 662 Β,
1380 643 1424 671 ep.
1451 634 1607 664 Tusculan.
1633 635 1712 664 card.
1738 646 1760 664 s.
1786 636 1896 665 Mariae
1919 637 1950 665 in
1974 638 2090 676 porticu
2114 639 2193 677 vulg.

1213 686 1353 715 nuncup.‚
1372 678 1551 707 camerarius
1567 679 1689 718 collegii,
1707 679 1738 708 in
1754 680 1894 710 domibus
1911 681 2107 711 habitationis
2123 693 2194 712 suae

1212 720 1321 749 detulit
1334 721 1429 750 eidem
1443 721 1647 760 juramentum
1661 723 1781 753 solitum
1799 724 1835 753 de
1857 725 2050 755 observandis
2070 727 2194 756 statutis

1212 765 1334 802 collegii,
1363 765 1399 794 de
1427 777 1487 804 quo
1513 772 1635 805 rogatus
1663 767 1721 796 fuit
1748 768 1916 798 Baldasar.
1941 793 1946 798 .
1971 793 1990 804 .‚
2020 771 2194 800 secretarius

1212 808 1304 846 ipsius
1325 810 1404 838 card.
1446 811 1478 839 L.
1501 821 1525 840 c.
2216 817 2272 845 429

1287 853 1368 882 «Iulii
1391 854 1410 883 8
1445 854 1491 883 (110
1519 855 1644 884 Sabbati
1672 856 1814 894 Georgius
1840 857 1886 886 tit.
1913 868 1949 886 ss.
1977 859 2138 888 Marcellini
2163 864 2193 888 et

1212 897 1292 925 Petri
1315 898 1394 927 card.
1419 898 1629 928 Ulixbonensis
1652 910 1792 939 nuncup.‚
1818 901 1868 939 qui
1891 902 2003 931 Urbem
2026 902 2193 932 intraverat

1211 941 1411 979 superioribus
1422 942 1528 972 diebus
1541 948 1571 972 et
1583 948 1706 982 propter
1718 944 1782 983 ejus
1795 945 2004 975 infirmitatem
2022 957 2080 975 non
2095 948 2193 976 fuerat

1210 990 1347 1023 receptus
1368 997 1420 1024 per
1443 987 1471 1016 S.
1495 988 1537 1022 P„
1557 988 1721 1017 associatus
1734 999 1786 1027 per
1802 1000 1904 1018 omnes
1921 990 2000 1019 card.
2018 991 2055 1019 de
2071 992 2193 1020 ecclesia

1211 1039 1233 1057 s.
1251 1029 1361 1059 Mariae
1377 1030 1413 1059 de
1429 1031 1544 1070 Populo
1559 1032 1589 1060 in
1605 1032 1780 1062 consistorio
1796 1034 1916 1071 publico
1931 1034 2011 1072 apud
2028 1045 2050 1063 s.
2069 1036 2192 1065 Petrum

1210 1078 1346 1112 receptus
1359 1074 1417 1103 fuit
1430 1086 1481 1113 per
1496 1076 1523 1104 S.
1539 1077 1571 1105 P.
1585 1076 1623 1105 ad
1637 1077 1770 1106 osculum
1783 1088 1889 1106 manus
1902 1082 1932 1107 et
1945 1078 2002 1107 oris
2016 1083 2045 1107 et
2058 1079 2193 1108 similiter

1210 1127 1262 1155 per
1281 1128 1383 1147 omnes
1402 1119 1481 1148 card.
1503 1120 1541 1148 ad
1560 1121 1693 1150 osculum
1714 1121 1808 1159 pacis;
1830 1126 1859 1150 et
1879 1122 1937 1151 alia
1957 1122 2037 1151 facta
2057 1128 2135 1157 sunt,
2158 1129 2192 1152 ut

1210 1162 1299 1190 moris
1320 1167 1365 1191 est
1386 1163 1416 1191 111
1437 1164 1605 1202 receptione
1626 1169 1681 1193 etc.
1724 1166 1756 1194 L.
1779 1176 1803 1194 0.

2213 1170 2271 1198 430

1285 1216 1366 1244 Julii
1380 1216 1416 1244 21
1444 1217 1492 1245 (110
1508 1217 1629 1246 Veneris
1645 1218 1724 1247 idem
1743 1218 1770 1247 S.
1790 1219 1821 1247 P.
1840 1219 1869 1247 in
1886 1219 2060 1249 consistorio
2077 1225 2190 1250 secreto

1209 1259 1290 1298 apud
1318 1270 1340 1288 s.
1371 1260 1494 1290 Petrum
1522 1262 1640 1299 aperuit
1668 1272 1700 1291 os
1731 1262 1856 1301 Georgio
1885 1263 1964 1292 card.
1995 1264 2190 1294 Ulixbonensi

1209 1313 1350 1342 nuncup.‚
1370 1304 1421 1343 qui
1439 1305 1477 1333 ab
1495 1305 1544 1334 illa
1562 1305 1609 1334 die
1626 1306 1657 1334 in
1675 1310 1764 1335 antea
1782 1307 1960 1346 participare
1978 1308 2076 1337 debet.
2114 1309 2144 1338 L.
2164 1320 2188 1338 c.
2211 1311 2264 1339 431

1283 1357 1364 1386 ‚Iulii
1375 1358 1413 1386 12
1426 1358 1475 1395 (22
1486 1359 1509 1394 2)
1536 1359 1555 1387 J
1558 1369 1583 1388 o.
1599 1359 1688 1398 Bapt.
1703 1359 1739 1388 de
1755 1360 1879 1389 Sabellis
1892 1371 1928 1389 ss.
1944 1361 2005 1390 Viti
2018 1366 2049 1390 et
2061 1362 2190 1391 Modesti

1207 1401 1282 1430 diac.
1308 1402 1387 1430 card.
1413 1402 1489 1431 circa
1513 1407 1630 1432 sextam
1654 1403 1758 1432 horam
1783 1404 1879 1433 noctis
1902 1405 2022 1434 recessit
2045 1406 2083 1434 ab
2108 1406 2189 1435 Urbe

1207 1445 1335 1483 dirigens
1351 1456 1466 1484 gressus
1483 1457 1551 1475 suos
1568 1458 1670 1476 versus
1688 1448 1843 1477 Perusium
1859 1449 1889 1477 in
1907 1449 2085 1487 legationem
2102 1460 2189 1479 suam

1207 1493 1238 1518 et
1260 1499 1320 1518 non
1344 1490 1484 1519 obstante
1507 1491 1644 1520 absentia
1667 1492 1825 1521 continuat
1849 1503 1884 1521 ex
1908 1493 2004 1531 gratia
2028 1494 2083 1522 sibi
2107 1494 2189 1523 facta

1206 1533 1394 1572 participare,
1409 1538 1444 1563 ut
1455 1535 1558 1564 retulit
1571 1536 1605 1564 B.
1620 1536 1699 1564 card.
1713 1547 1735 1565 s.
1750 1537 1861 1565 Mariae
1874 1537 1904 1566 in
1917 1537 2043 1575 porticu,
2057 1548 2187 1567 camera-

1206 1577 1266 1607 rius
1291 1578 1413 1617 collegii,
1442 1579 1552 1608 Joanni
1579 1580 1599 1609 J
1601 1580 1695 1609 acobo
1719 1581 1798 1609 socio
1824 1591 1898 1610 meo.
1951 1581 1982 1610 L.
2010 1592 2033 1610 c.

1283 1631 1357 1669 Auy.
1379 1632 1417 1661 18
1446 1632 1493 1661 (110
1514 1632 1634 1661 Veneris
1654 1633 1684 1661 in
1704 1633 1879 1662 consistorio
1899 1639 2021 1669 secreto,
2044 1639 2077 1663 ut
2098 1635 2188 1664 moris

1206 1679 1260 1709 est,
1282 1675 1424 1712 Ga(briel)
1443 1676 1490 1705 tit.
1510 1687 1546 1705 ss.
1568 1676 1659 1715 Sergii
1677 1681 1707 1706 et
1725 1677 1835 1706 Bacchi
1852 1678 1949 1716 presb.
1968 1679 2047 1707 card.
2067 1679 2185 1717 Agrien.

1206 1729 1336 1758 nuncup.
1368 1720 1425 1749 fuit
1454 1725 1571 1749 creatus
1600 1721 1715 1759 legatus
1744 1721 1780 1750 de
1811 1722 1901 1751 latere
1931 1726 2035 1751 contra
2064 1723 2184 1752 nefand.

1206 1764 1333 1792 Teucros
1346 1763 1376 1792 in
1389 1764 1445 1793 civ.
1460 1768 1490 1793 et
1502 1775 1625 1803 regnum
1638 1765 1666 1794 N
1668 1766 1762 1804 eapol.
1777 1770 1807 1794 et
1820 1766 1878 1795 fuit
1891 1766 1916 1795 01
1930 1777 1981 1804 per
1993 1778 2015 1795 s.
2030 1767 2186 1805 collegium

1206 1818 1241 1836 ex
1255 1808 1352 1846 gratia
1366 1819 1547 1843 concessum,
1563 1813 1598 1838 ut
1612 1809 1806 1848 participaret
1820 1820 1879 1839 non
1894 1811 2034 1839 obstante
2049 1811 2186 1840 absentia

1205 1862 1267 1881 sua.
1310 1852 1342 1881 L.
1364 1863 1388 1881 0.
1411 1853 1431 1881 f.
1454 1854 1499 1882 61.

1282 1896 1356 1934 Auq.
1369 1897 1407 1925 23
1428 1897 1476 1926 die
1487 1897 1624 1926 Mercurii
1638 1897 1691 1926 Ga.
1705 1898 1752 1927 tit.
1766 1909 1802 1927 ss.
1819 1898 1910 1936 Sergii
1922 1904 1953 1927 et
1965 1899 2074 1928 Bacchi
2086 1899 2183 1937 presb.

1205 1940 1284 1969 card.
1307 1940 1456 1979 Agriensis
1476 1941 1596 1970 recessit
1617 1942 1656 1970 ab
1678 1942 1758 1971 Urbe
1779 1942 1907 1980 dirigens
1928 1953 2043 1981 gressus
2064 1953 2132 1972 suos
2154 1943 2184 1972 in

1203 1994 1289 2013 suam
1311 1985 1489 2023 legationem
1509 1996 1613 2014 ‚versus
1635 1986 1792 2024 Neapolim
1814 1991 1845 2015 et
1867 1987 1925 2015 fuit
1946 1987 2110 2016 associatus
2132 1998 2184 2025 per

1204 2039 1305 2058 omnes
1326 2029 1405 2058 card.
1427 2040 1521 2068 usque
1541 2030 1580 2058 ad
1601 2030 1669 2058 eccl.
1691 2040 1713 2059 s.
1738 2030 1863 2059 Joannis
1884 2031 2022 2060 Lateran.
2064 2031 2096 2060 L.
2118 2042 2142 2060 0.

1279 2082 1354 2119 Auq.
1368 2082 1404 2111 31
1429 2082 1477 2111 (110
1492 2083 1511 2111 J
1514 2083 1577 2111 ovis
1590 2083 1627 2112 de
1641 2093 1728 2112 mane
1741 2083 1820 2112 card.
1836 2083 1872 2112 de
1886 2084 2034 2122 Aragonia
2049 2084 2131 2113 venit
2145 2095 2182 2113 ex

1202 2126 1348 2164 legatione
1362 2126 1510 2165 Ungariae
1524 2131 1555 2155 et
1568 2126 1705 2156 introivit
1718 2127 1830 2156 Urbem
1845 2128 2008 2157 associatus
2022 2138 2039 2157 a
2053 2128 2182 2157 dominis

1201 2170 1280 2199 card.
1301 2175 1331 2199 et
1350 2174 1486 2209 receptus
1505 2171 1535 2199 in
1554 2171 1728 2200 consistorio
1747 2171 1867 2210 publico
1886 2182 1903 2200 a
1925 2172 1953 2201 S.
1975 2173 2017 2206 P„
2038 2176 2073 2201 ut
2092 2173 2181 2202 moris

1201 2218 1255 2243 est.
1297 2215 1328 2243 L.
1352 2225 1376 2243 c.

1276 2259 1349 2288 Νινυ.
1369 2259 1408 2288 27
1436 2258 1484 2288 die
1503 2259 1605 2288 Lunae
1625 2259 1661 2288 R.
1682 2270 1704 2288 s.
1728 2259 1845 2298 Georgii
1864 2260 1939 2289 diac.
1961 2260 2039 2289 card.
2061 2260 2181 2290 recessit

1199 2302 1238 2331 ab
1255 2303 1335 2332 Urbe
1351 2303 1479 2341 dirigens
1495 2313 1610 2341 gressus
1627 2314 1695 2332 suos
1711 2303 1742 2332 in
1758 2314 1843 2333 suam
1861 2304 2039 2342 legationem
2056 2304 2085 2333 in
2102 2305 2179 2333 Mar-

1199 2346 1296 2376 chiam
1312 2351 1342 2376 et
1357 2347 1514 2376 continuat
1528 2347 1708 2386 participare
1723 2358 1759 2377 ex
1774 2348 1871 2386 gratia
1886 2348 1942 2377 sibi
1958 2348 2038 2377 facta
2054 2359 2106 2387 per
2120 2349 2177 2377 col-

1199 2391 1315 2429 legium,
1336 2395 1371 2420 ut
1388 2391 1492 2420 retulit
1510 2391 1582 2421 mihi
1601 2391 1775 2421 Hieronjmo
1795 2392 1828 2421 B.
1849 2392 2006 2421 cardinalis
2024 2403 2046 2421 s.
2068 2392 2178 2421 Mariae

1195 2436 1228 2464 in
1243 2435 1369 2473 porticu,
1387 2435 1566 2464 camerarius
1582 2435 1703 2474 collegii,
1721 2436 1769 2465 die
1786 2436 1892 2465 ultima
1909 2436 2042 2475 ejusdem
2059 2436 2176 2466 mensis.

1197 2479 1230 2508 L.
1253 2489 1277 2508 c.

1273 2524 1339 2552 Dec.
1359 2523 1378 2552 2
1407 2523 1454 2552 die
1475 2523 1600 2553 Sabbati
1621 2524 1669 2553 Jo.
1690 2523 1743 2553 Ba.
1765 2534 1802 2553 ss.
1823 2523 1885 2553 Viti
1904 2528 1935 2553 et
1954 2524 2081 2553 Modesti
2099 2524 2175 2554 diac.

1197 2567 1276 2596 card.
1292 2567 1329 2596 de
1347 2567 1469 2596 Sabellis
1485 2578 1615 2606 nuncup.
1632 2567 1720 2597 rediit
1734 2567 1765 2596 in
1782 2568 1894 2598 Urbem
1909 2568 1946 2597 de
1961 2578 2014 2597 sua
2030 2568 2177 2606 legatione

1196 2611 1338 2640 Perusina
1360 2615 1391 2641 et
1412 2611 1627 2650 subsequenter
1649 2612 1696 2641 die
1719 2612 1821 2641 Lunae
1844 2613 1861 2641 4
1885 2612 1954 2641 Dec.
1979 2612 2037 2641 fuit
2059 2616 2177 2642 creatus

1195 2655 1232 2684 de
1246 2656 1336 2684 latere
1349 2655 1387 2684 ad
1400 2655 1456 2685 civ.
1472 2656 1492 2685 J
1494 2666 1590 2685 anuae
1603 2656 1641 2685 ad
1654 2656 1802 2685 sedandas
1814 2656 1986 2690 discordias,
2002 2666 2077 2695 quae
2091 2660 2177 2685 erant

1195 2699 1272 2728 inter
1292 2699 1397 2729 domos
1417 2699 1454 2729 de
1475 2700 1608 2738 Fregosis
1629 2704 1659 2729 et
1679 2700 1716 2729 de
1737 2700 1876 2729 Adurnis.
1920 2700 1953 2729 L.
1975 2710 1999 2729 c.

1271 2753 1337 2782 Dec.
1354 2752 1392 2782 20
1417 2752 1465 2782 (110
1481 2753 1617 2782 Mercurii
1635 2753 1654 2782 J
1657 2763 1682 2782 0.
1702 2753 1754 2782 Ba.
1773 2763 1810 2782 ss.
1830 2752 1891 2781 Viti
1908 2756 1939 2781 et
1955 2752 2082 2782 Modesti
2098 2753 2174 2782 diac.

1194 2796 1273 2826 card.
1290 2797 1327 2826 de
1345 2796 1468 2826 Sabellis
1483 2807 1613 2835 nuncup.
1630 2796 1750 2826 recessit
1765 2797 1802 2826 de
1819 2797 1899 2826 Urbe
1915 2796 2043 2835 dirigens
2058 2807 2175 2835 gressus

1193 2851 1262 2870 suos
1279 2840 1309 2870 in
1325 2851 1411 2870 suam
1428 2841 1605 2879 legationem
1624 2841 1743 2870 Januen
1761 2845 1791 2870 et
1808 2840 1967 2870 continuat
1984 2841 2172 2880 participare,

1194 2889 1229 2914 ut
1251 2885 1284 2914 B.
1308 2895 1353 2923 ep.
1377 2885 1534 2914 Tusculan.
1557 2885 1636 2914 card.
1660 2895 1681 2914 s.
1705 2885 1816 2914 Mariae
1838 2885 1869 2913 in
1891 2884 2008 2923 porticu
2030 2895 2172 2924 nuncup.,

1193 2928 1371 2958 camerarius
1382 2929 1504 2967 collegii,
1517 2929 1564 2958 die
1576 2930 1612 2958 23
1623 2929 1694 2958 Dec.
1707 2928 1810 2958 retulit
1821 2928 1893 2958 mihi
1905 2928 2087 2958 Hieronimo.
2101 2929 2133 2958 L.
2147 2939 2171 2958 c.
2195 2931 2251 2959 438

2043 2990 2087 3022 6&

2209 1584 2265 1612 432

2207 1857 2263 1885 433

2203 2033 2259 2061 434

2202 2218 2257 2247 435

2199 2482 2255 2510 436

2197 2702 2252 2731 437
