<?xml version="1.0" encoding="UTF-8"?>
<!DOCTYPE html PUBLIC "-//W3C//DTD XHTML 1.0 Transitional//EN"
    "http://www.w3.org/TR/xhtml1/DTD/xhtml1-transitional.dtd">
<html xmlns="http://www.w3.org/1999/xhtml" xml:lang="en" lang="en">
 <head>
  <title>
</title>
<meta http-equiv="Content-Type" content="text/html;charset=utf-8" />
  <meta name='ocr-system' content='tesseract 3.04.00' />
  <meta name='ocr-capabilities' content='ocr_page ocr_carea ocr_par ocr_line ocrx_word'/>
</head>
<body>
  <div class='ocr_page' id='page_1' title='image "./hierarchiacathol02eubeuoft/hierarchiacathol02eubeuoft_0073.png"; bbox 0 0 2436 3328; ppageno 0'>
   <div class='ocr_carea' id='block_1_1' title="bbox 776 161 2270 199">
    <p class='ocr_par' dir='ltr' id='par_1_1' title="bbox 776 161 2270 199">
     <span class='ocr_line' id='line_1_1' title="bbox 776 161 2270 199; baseline 0.002 -3"><span class='ocrx_word' id='word_1_1' title='bbox 776 161 1009 196; x_wconf 76' lang='lat' dir='ltr'>cardinales</span> <span class='ocrx_word' id='word_1_2' title='bbox 1032 161 1109 196; x_wconf 85' lang='lat' dir='ltr'>sub</span> <span class='ocrx_word' id='word_1_3' title='bbox 1131 161 1357 197; x_wconf 80' lang='lat' dir='ltr'>Alexandro</span> <span class='ocrx_word' id='word_1_4' title='bbox 1380 161 1433 196; x_wconf 91' lang='lat' dir='ltr'>VI</span> <span class='ocrx_word' id='word_1_5' title='bbox 2229 168 2270 199; x_wconf 75' lang='lat'>23</span> 
     </span>
    </p>
   </div>
   <div class='ocr_carea' id='block_1_2' title="bbox 6 263 2267 360">
    <p class='ocr_par' dir='ltr' id='par_1_2' title="bbox 6 263 2267 360">
     <span class='ocr_line' id='line_1_2' title="bbox 47 263 2267 307; baseline 0.002 -12"><span class='ocrx_word' id='word_1_6' title='bbox 47 266 98 307; x_wconf 79' lang='lat'>13)</span> <span class='ocrx_word' id='word_1_7' title='bbox 120 264 305 302; x_wconf 62' lang='lat' dir='ltr'>Hippolytus</span> <span class='ocrx_word' id='word_1_8' title='bbox 326 264 365 296; x_wconf 86' lang='lat' dir='ltr'>de</span> <span class='ocrx_word' id='word_1_9' title='bbox 385 264 470 300; x_wconf 67' lang='lat' dir='ltr'>Este,</span> <span class='ocrx_word' id='word_1_10' title='bbox 492 263 582 295; x_wconf 90' lang='lat' dir='ltr'>ducis</span> <span class='ocrx_word' id='word_1_11' title='bbox 603 264 764 295; x_wconf 81' lang='lat' dir='ltr'>Ferrariae</span> <span class='ocrx_word' id='word_1_12' title='bbox 786 263 881 301; x_wconf 85' lang='lat' dir='ltr'>filius,</span> <span class='ocrx_word' id='word_1_13' title='bbox 905 263 1024 295; x_wconf 82' lang='lat' dir='ltr'>admin.</span> <span class='ocrx_word' id='word_1_14' title='bbox 1049 263 1122 295; x_wconf 88' lang='lat' dir='ltr'>eccl.</span> <span class='ocrx_word' id='word_1_15' title='bbox 1149 263 1348 305; x_wconf 88' lang='lat' dir='ltr'>Strigonien.,</span> <span class='ocrx_word' id='word_1_16' title='bbox 1371 264 1444 295; x_wconf 90' lang='lat' dir='ltr'>dein</span> <span class='ocrx_word' id='word_1_17' title='bbox 1467 265 1604 306; x_wconf 67' lang='lat' dir='ltr'>Agrien„</span> <span class='ocrx_word' id='word_1_18' title='bbox 1629 265 1780 306; x_wconf 67' lang='lat' dir='ltr'>Capuan„</span> <span class='ocrx_word' id='word_1_19' title='bbox 1805 266 1988 304; x_wconf 86' lang='lat' dir='ltr'>Ferrarien.,</span> <span class='ocrx_word' id='word_1_20' title='bbox 2012 267 2207 307; x_wconf 86' lang='lat' dir='ltr'>Mediolan.¹)</span> <span class='ocrx_word' id='word_1_21' title='bbox 2235 283 2267 294; x_wconf 91' lang='lat'><strong><em>=</em></strong></span> 
     </span>
     <span class='ocr_line' id='line_1_3' title="bbox 6 308 1720 360; baseline 0.001 -12"><span class='ocrx_word' id='word_1_22' title='bbox 6 308 10 312; x_wconf 52' lang='grc'><strong>”</strong></span> <span class='ocrx_word' id='word_1_23' title='bbox 245 328 270 349; x_wconf 85' lang='lat' dir='ltr'>s.</span> <span class='ocrx_word' id='word_1_24' title='bbox 293 317 409 348; x_wconf 84' lang='lat' dir='ltr'>Lueiae</span> <span class='ocrx_word' id='word_1_25' title='bbox 430 317 462 348; x_wconf 90' lang='lat' dir='ltr'>in</span> <span class='ocrx_word' id='word_1_26' title='bbox 485 317 569 348; x_wconf 87' lang='lat' dir='ltr'>silice</span> <span class='ocrx_word' id='word_1_27' title='bbox 590 317 670 348; x_wconf 80' lang='lat' dir='ltr'>diac.</span> <span class='ocrx_word' id='word_1_28' title='bbox 695 317 746 357; x_wconf 91' lang='lat' dir='ltr'>(de</span> <span class='ocrx_word' id='word_1_29' title='bbox 768 317 845 348; x_wconf 87' lang='lat' dir='ltr'>Este</span> <span class='ocrx_word' id='word_1_30' title='bbox 866 327 922 348; x_wconf 86' lang='lat' dir='ltr'>seu</span> <span class='ocrx_word' id='word_1_31' title='bbox 944 317 1088 348; x_wconf 84' lang='lat' dir='ltr'>Estensis</span> <span class='ocrx_word' id='word_1_32' title='bbox 1109 316 1161 348; x_wconf 92' lang='lat' dir='ltr'>vel</span> <span class='ocrx_word' id='word_1_33' title='bbox 1181 317 1410 357; x_wconf 83' lang='lat' dir='ltr'>Ferrariensis),</span> <span class='ocrx_word' id='word_1_34' title='bbox 1434 318 1453 358; x_wconf 86' lang='lat'>†</span> <span class='ocrx_word' id='word_1_35' title='bbox 1476 319 1554 348; x_wconf 99' lang='lat'>1520</span> <span class='ocrx_word' id='word_1_36' title='bbox 1577 318 1664 360; x_wconf 89' lang='lat' dir='ltr'>Sept.</span> <span class='ocrx_word' id='word_1_37' title='bbox 1687 320 1720 355; x_wconf 90' lang='lat'>3;</span> 
     </span>
    </p>
   </div>
   <div class='ocr_carea' id='block_1_3' title="bbox 0 463 63 617">
    <p class='ocr_par' dir='ltr' id='par_1_3' title="bbox 0 463 63 617">
     <span class='ocr_line' id='line_1_4' title="bbox 0 463 63 617; baseline 0 0"><span class='ocrx_word' id='word_1_38' title='bbox 0 463 63 617; x_wconf 95' lang='lat' dir='ltr'>  </span> 
     </span>
    </p>
   </div>
   <div class='ocr_carea' id='block_1_4' title="bbox 666 397 1648 438">
    <p class='ocr_par' dir='ltr' id='par_1_4' title="bbox 666 397 1648 438">
     <span class='ocr_line' id='line_1_5' title="bbox 666 397 1648 438; baseline 0.002 -11"><span class='ocrx_word' id='word_1_39' title='bbox 666 398 695 436; x_wconf 87' lang='lat' dir='ltr'>c)</span> <span class='ocrx_word' id='word_1_40' title='bbox 717 397 753 427; x_wconf 76' lang='lat' dir='ltr'>in</span> <span class='ocrx_word' id='word_1_41' title='bbox 774 397 861 427; x_wconf 76' lang='lat' dir='ltr'>tertia</span> <span class='ocrx_word' id='word_1_42' title='bbox 881 397 1070 437; x_wconf 73' lang='lat' dir='ltr'><em>promotione</em></span> <span class='ocrx_word' id='word_1_43' title='bbox 1090 407 1114 428; x_wconf 82' lang='lat' dir='ltr'>e.</span> <span class='ocrx_word' id='word_1_44' title='bbox 1136 407 1269 428; x_wconf 75' lang='lat' dir='ltr'>mensem</span> <span class='ocrx_word' id='word_1_45' title='bbox 1289 397 1377 428; x_wconf 71' lang='lat' dir='ltr'>Maii</span> <span class='ocrx_word' id='word_1_46' title='bbox 1396 397 1478 428; x_wconf 85' lang='lat'>1494</span> <span class='ocrx_word' id='word_1_47' title='bbox 1498 397 1611 429; x_wconf 76' lang='lat' dir='ltr'>habita:</span> <span class='ocrx_word' id='word_1_48' title='bbox 1624 398 1648 438; x_wconf 77' lang='grc'>2)</span> 
     </span>
    </p>
   </div>
   <div class='ocr_carea' id='block_1_5' title="bbox 43 454 2269 563">
    <p class='ocr_par' dir='ltr' id='par_1_5' title="bbox 43 454 2269 563">
     <span class='ocr_line' id='line_1_6' title="bbox 43 454 2269 511; baseline 0 -11"><span class='ocrx_word' id='word_1_49' title='bbox 43 454 96 508; x_wconf 23' lang='lat'>2⁷4)</span> <span class='ocrx_word' id='word_1_50' title='bbox 119 467 290 508; x_wconf 64' lang='lat' dir='ltr'>(Ananim</span> <span class='ocrx_word' id='word_1_51' title='bbox 305 467 344 500; x_wconf 80' lang='lat' dir='ltr'>de</span> <span class='ocrx_word' id='word_1_52' title='bbox 357 467 527 504; x_wconf 67' lang='lat' dir='ltr'>lii-agonia,</span> <span class='ocrx_word' id='word_1_53' title='bbox 544 467 643 498; x_wconf 75' lang='lat' dir='ltr'>frater</span> <span class='ocrx_word' id='word_1_54' title='bbox 658 467 812 498; x_wconf 87' lang='lat' dir='ltr'>naturalis</span> <span class='ocrx_word' id='word_1_55' title='bbox 828 467 950 498; x_wconf 74' lang='lat' dir='ltr'>Alionsi</span> <span class='ocrx_word' id='word_1_56' title='bbox 966 467 1046 508; x_wconf 89' lang='lat' dir='ltr'>regis</span> <span class='ocrx_word' id='word_1_57' title='bbox 1064 466 1196 505; x_wconf 81' lang='lat' dir='ltr'>Siciliae,</span> <span class='ocrx_word' id='word_1_58' title='bbox 1214 468 1451 508; x_wconf 76' lang='lat' dir='ltr'>protonotarius</span> <span class='ocrx_word' id='word_1_59' title='bbox 1467 471 1569 508; x_wconf 88' lang='lat' dir='ltr'>apost.</span> <span class='ocrx_word' id='word_1_60' title='bbox 1589 469 1716 509; x_wconf 92' lang='lat' dir='ltr'>(postm.</span> <span class='ocrx_word' id='word_1_61' title='bbox 1735 468 1852 500; x_wconf 87' lang='lat' dir='ltr'>admin.</span> <span class='ocrx_word' id='word_1_62' title='bbox 1871 469 1943 500; x_wconf 88' lang='lat' dir='ltr'>eccl.</span> <span class='ocrx_word' id='word_1_63' title='bbox 1956 470 2140 507; x_wconf 66' lang='lat' dir='ltr'>Adversan„</span> <span class='ocrx_word' id='word_1_64' title='bbox 2152 470 2269 511; x_wconf 85' lang='lat' dir='ltr'>Caput—</span> 
     </span>
     <span class='ocr_line' id='line_1_7' title="bbox 245 519 2027 563; baseline 0.001 -12"><span class='ocrx_word' id='word_1_65' title='bbox 245 531 371 561; x_wconf 86' lang='lat' dir='ltr'>aquen.‚</span> <span class='ocrx_word' id='word_1_66' title='bbox 396 520 611 561; x_wconf 87' lang='lat' dir='ltr'>Polycastren.</span> <span class='ocrx_word' id='word_1_67' title='bbox 636 524 669 551; x_wconf 92' lang='lat' dir='ltr'>et</span> <span class='ocrx_word' id='word_1_68' title='bbox 691 520 822 560; x_wconf 87' lang='lat' dir='ltr'>Licien.)</span> <span class='ocrx_word' id='word_1_69' title='bbox 847 535 879 545; x_wconf 93' lang='lat'><strong><em>=</em></strong></span> <span class='ocrx_word' id='word_1_70' title='bbox 905 530 929 550; x_wconf 77' lang='lat' dir='ltr'>S.</span> <span class='ocrx_word' id='word_1_71' title='bbox 954 519 1072 551; x_wconf 87' lang='lat' dir='ltr'>Mariae</span> <span class='ocrx_word' id='word_1_72' title='bbox 1095 520 1127 551; x_wconf 93' lang='lat' dir='ltr'>in</span> <span class='ocrx_word' id='word_1_73' title='bbox 1151 520 1318 551; x_wconf 86' lang='lat' dir='ltr'>Cosmedin</span> <span class='ocrx_word' id='word_1_74' title='bbox 1341 520 1433 558; x_wconf 90' lang='lat' dir='ltr'>diac.,</span> <span class='ocrx_word' id='word_1_75' title='bbox 1458 520 1545 562; x_wconf 91' lang='lat' dir='ltr'>publ.</span> <span class='ocrx_word' id='word_1_76' title='bbox 1571 532 1598 552; x_wconf 90' lang='lat' dir='ltr'>a.</span> <span class='ocrx_word' id='word_1_77' title='bbox 1627 522 1703 552; x_wconf 84' lang='lat'>1496</span> <span class='ocrx_word' id='word_1_78' title='bbox 1729 522 1780 561; x_wconf 92' lang='lat' dir='ltr'>(de</span> <span class='ocrx_word' id='word_1_79' title='bbox 1804 522 2027 563; x_wconf 82' lang='lat' dir='ltr'>Aragonia);³)</span> 
     </span>
    </p>
   </div>
   <div class='ocr_carea' id='block_1_6' title="bbox 0 586 1621 649">
    <p class='ocr_par' dir='ltr' id='par_1_6' title="bbox 0 586 1621 652">
     <span class='ocr_line' id='line_1_8' title="bbox 0 586 1621 649; baseline 0.002 -13"><span class='ocrx_word' id='word_1_80' title='bbox 0 586 46 646; x_wconf 31' lang='grc' dir='ltr'>«ἐξ</span> <span class='ocrx_word' id='word_1_81' title='bbox 690 607 724 647; x_wconf 90' lang='grc'>(1)</span> <span class='ocrx_word' id='word_1_82' title='bbox 747 607 782 638; x_wconf 80' lang='lat' dir='ltr'>in</span> <span class='ocrx_word' id='word_1_83' title='bbox 802 613 910 648; x_wconf 81' lang='lat' dir='ltr'>quarta</span> <span class='ocrx_word' id='word_1_84' title='bbox 931 608 1120 649; x_wconf 76' lang='lat' dir='ltr'>promotione</span> <span class='ocrx_word' id='word_1_85' title='bbox 1140 608 1190 639; x_wconf 73' lang='lat' dir='ltr'>die</span> <span class='ocrx_word' id='word_1_86' title='bbox 1210 608 1251 639; x_wconf 89' lang='grc'>16</span> <span class='ocrx_word' id='word_1_87' title='bbox 1270 609 1346 640; x_wconf 86' lang='lat' dir='ltr'>Jan.</span> <span class='ocrx_word' id='word_1_88' title='bbox 1369 608 1449 639; x_wconf 83' lang='grc'><em>1495</em></span> <span class='ocrx_word' id='word_1_89' title='bbox 1470 608 1584 641; x_wconf 75' lang='lat' dir='ltr'>habita:</span> <span class='ocrx_word' id='word_1_90' title='bbox 1595 609 1621 649; x_wconf 81' lang='lat'>4)</span> 
     </span>
    </p>
   </div>
   <div class='ocr_carea' id='block_1_7' title="bbox 0 659 2160 722">
    <p class='ocr_par' dir='ltr' id='par_1_7' title="bbox 0 659 2160 722">
     <span class='ocr_line' id='line_1_9' title="bbox 0 659 2160 722; baseline 0 -11"><span class='ocrx_word' id='word_1_91' title='bbox 0 659 95 719; x_wconf 20' lang='lat'>²715)</span> <span class='ocrx_word' id='word_1_92' title='bbox 119 678 291 711; x_wconf 75' lang='lat' dir='ltr'>Guilelmus</span> <span class='ocrx_word' id='word_1_93' title='bbox 311 678 490 717; x_wconf 73' lang='lat' dir='ltr'>Briconnet,</span> <span class='ocrx_word' id='word_1_94' title='bbox 516 689 564 719; x_wconf 93' lang='lat' dir='ltr'>ep.</span> <span class='ocrx_word' id='word_1_95' title='bbox 591 677 788 715; x_wconf 69' lang='lat' dir='ltr'>Maelovien„</span> <span class='ocrx_word' id='word_1_96' title='bbox 814 678 887 709; x_wconf 89' lang='lat' dir='ltr'>dein</span> <span class='ocrx_word' id='word_1_97' title='bbox 913 689 982 720; x_wconf 89' lang='lat' dir='ltr'>aep.</span> <span class='ocrx_word' id='word_1_98' title='bbox 1010 679 1141 710; x_wconf 86' lang='lat' dir='ltr'>Remen.</span> <span class='ocrx_word' id='word_1_99' title='bbox 1167 694 1199 704; x_wconf 94' lang='lat'><strong><em>=</em></strong></span> <span class='ocrx_word' id='word_1_100' title='bbox 1224 679 1275 710; x_wconf 89' lang='lat' dir='ltr'>tit.</span> <span class='ocrx_word' id='word_1_101' title='bbox 1302 690 1326 710; x_wconf 87' lang='lat' dir='ltr'>s.</span> <span class='ocrx_word' id='word_1_102' title='bbox 1354 679 1572 710; x_wconf 88' lang='lat' dir='ltr'>Pudentianae</span> <span class='ocrx_word' id='word_1_103' title='bbox 1599 680 1829 719; x_wconf 84' lang='lat' dir='ltr'>(Macloviensis</span> <span class='ocrx_word' id='word_1_104' title='bbox 1855 681 1906 712; x_wconf 92' lang='lat' dir='ltr'>vel</span> <span class='ocrx_word' id='word_1_105' title='bbox 1931 681 2160 722; x_wconf 81' lang='lat' dir='ltr'>Remensis);⁵)</span> 
     </span>
    </p>
   </div>
   <div class='ocr_carea' id='block_1_8' title="bbox 693 766 1618 808">
    <p class='ocr_par' dir='ltr' id='par_1_8' title="bbox 693 766 1618 808">
     <span class='ocr_line' id='line_1_10' title="bbox 693 766 1618 808; baseline 0.002 -11"><span class='ocrx_word' id='word_1_106' title='bbox 693 767 722 806; x_wconf 93' lang='grc'>0)</span> <span class='ocrx_word' id='word_1_107' title='bbox 744 766 779 797; x_wconf 78' lang='lat' dir='ltr'>in</span> <span class='ocrx_word' id='word_1_108' title='bbox 801 767 908 807; x_wconf 77' lang='lat' dir='ltr'>quinta</span> <span class='ocrx_word' id='word_1_109' title='bbox 928 767 1117 808; x_wconf 77' lang='lat' dir='ltr'>promotione</span> <span class='ocrx_word' id='word_1_110' title='bbox 1137 767 1186 798; x_wconf 76' lang='lat' dir='ltr'>die</span> <span class='ocrx_word' id='word_1_111' title='bbox 1206 767 1246 798; x_wconf 81' lang='lat'>21</span> <span class='ocrx_word' id='word_1_112' title='bbox 1267 767 1342 798; x_wconf 86' lang='lat' dir='ltr'>Jan.</span> <span class='ocrx_word' id='word_1_113' title='bbox 1366 767 1446 798; x_wconf 81' lang='lat'>1495</span> <span class='ocrx_word' id='word_1_114' title='bbox 1466 767 1580 799; x_wconf 73' lang='lat' dir='ltr'>habita:</span> <span class='ocrx_word' id='word_1_115' title='bbox 1593 768 1618 808; x_wconf 69' lang='grc' dir='ltr'><em>θ)</em></span> 
     </span>
    </p>
   </div>
   <div class='ocr_carea' id='block_1_9' title="bbox 0 825 1770 880">
    <p class='ocr_par' dir='ltr' id='par_1_9' title="bbox 0 825 1770 880">
     <span class='ocr_line' id='line_1_11' title="bbox 0 825 1770 880; baseline 0.001 -11"><span class='ocrx_word' id='word_1_116' title='bbox 0 826 3 833; x_wconf 64' lang='lat'>.</span> <span class='ocrx_word' id='word_1_117' title='bbox 43 837 95 878; x_wconf 88' lang='lat'>16)</span> <span class='ocrx_word' id='word_1_118' title='bbox 116 837 277 874; x_wconf 73' lang='lat' dir='ltr'>Philippus</span> <span class='ocrx_word' id='word_1_119' title='bbox 296 837 335 869; x_wconf 81' lang='lat' dir='ltr'>de</span> <span class='ocrx_word' id='word_1_120' title='bbox 354 837 579 872; x_wconf 77' lang='lat' dir='ltr'>Luoemburgo‚</span> <span class='ocrx_word' id='word_1_121' title='bbox 600 825 648 877; x_wconf 83' lang='lat' dir='ltr'>ep.</span> <span class='ocrx_word' id='word_1_122' title='bbox 671 836 881 868; x_wconf 86' lang='lat' dir='ltr'>Cenomanen.</span> <span class='ocrx_word' id='word_1_123' title='bbox 908 852 940 862; x_wconf 94' lang='lat'><strong><em>=</em></strong></span> <span class='ocrx_word' id='word_1_124' title='bbox 965 837 1016 868; x_wconf 81' lang='lat' dir='ltr'>tit.</span> <span class='ocrx_word' id='word_1_125' title='bbox 1039 848 1078 868; x_wconf 87' lang='lat' dir='ltr'>ss.</span> <span class='ocrx_word' id='word_1_126' title='bbox 1101 837 1273 868; x_wconf 82' lang='lat' dir='ltr'>Marcellini</span> <span class='ocrx_word' id='word_1_127' title='bbox 1295 842 1327 869; x_wconf 89' lang='lat' dir='ltr'>et</span> <span class='ocrx_word' id='word_1_128' title='bbox 1347 838 1434 869; x_wconf 90' lang='lat' dir='ltr'>Petri</span> <span class='ocrx_word' id='word_1_129' title='bbox 1456 838 1507 878; x_wconf 87' lang='lat' dir='ltr'>(de</span> <span class='ocrx_word' id='word_1_130' title='bbox 1528 839 1770 880; x_wconf 86' lang='lat' dir='ltr'>Lucemburgo),</span> 
     </span>
    </p>
   </div>
   <div class='ocr_carea' id='block_1_10' title="bbox 1793 839 2065 879">
    <p class='ocr_par' dir='ltr' id='par_1_10' title="bbox 1793 839 2065 879">
     <span class='ocr_line' id='line_1_12' title="bbox 1793 839 2065 879; baseline 0.004 -9"><span class='ocrx_word' id='word_1_131' title='bbox 1793 839 1812 879; x_wconf 86' lang='lat'>†</span> <span class='ocrx_word' id='word_1_132' title='bbox 1834 841 1911 870; x_wconf 88' lang='grc'>1519</span> <span class='ocrx_word' id='word_1_133' title='bbox 1934 840 2009 871; x_wconf 86' lang='lat' dir='ltr'>Jun.</span> <span class='ocrx_word' id='word_1_134' title='bbox 2032 842 2065 877; x_wconf 83' lang='lat'>2;</span> 
     </span>
    </p>
   </div>
   <div class='ocr_carea' id='block_1_11' title="bbox 702 924 1608 967">
    <p class='ocr_par' dir='ltr' id='par_1_11' title="bbox 702 924 1608 967">
     <span class='ocr_line' id='line_1_13' title="bbox 702 924 1608 967; baseline 0.002 -12"><span class='ocrx_word' id='word_1_135' title='bbox 702 924 727 964; x_wconf 78' lang='lat' dir='ltr'>f)</span> <span class='ocrx_word' id='word_1_136' title='bbox 750 925 785 955; x_wconf 80' lang='lat' dir='ltr'>in</span> <span class='ocrx_word' id='word_1_137' title='bbox 805 931 891 956; x_wconf 73' lang='lat' dir='ltr'>sexta</span> <span class='ocrx_word' id='word_1_138' title='bbox 911 926 1099 966; x_wconf 73' lang='lat' dir='ltr'>promotione</span> <span class='ocrx_word' id='word_1_139' title='bbox 1119 926 1169 957; x_wconf 65' lang='lat' dir='ltr'>die</span> <span class='ocrx_word' id='word_1_140' title='bbox 1188 926 1228 957; x_wconf 90' lang='lat'>19</span> <span class='ocrx_word' id='word_1_141' title='bbox 1247 926 1334 958; x_wconf 79' lang='lat' dir='ltr'>Febr.</span> <span class='ocrx_word' id='word_1_142' title='bbox 1357 926 1437 957; x_wconf 83' lang='lat'>1496</span> <span class='ocrx_word' id='word_1_143' title='bbox 1457 926 1571 958; x_wconf 74' lang='lat' dir='ltr'>habita:</span> <span class='ocrx_word' id='word_1_144' title='bbox 1583 927 1608 967; x_wconf 81' lang='lat'>7)</span> 
     </span>
    </p>
   </div>
   <div class='ocr_carea' id='block_1_12' title="bbox 40 994 2265 1304">
    <p class='ocr_par' dir='ltr' id='par_1_12' title="bbox 43 994 2265 1089">
     <span class='ocr_line' id='line_1_14' title="bbox 43 994 2265 1040; baseline 0.001 -12"><span class='ocrx_word' id='word_1_145' title='bbox 43 995 97 1036; x_wconf 88' lang='grc'>17)</span> <span class='ocrx_word' id='word_1_146' title='bbox 119 996 260 1028; x_wconf 63' lang='lat' dir='ltr'>loannes</span> <span class='ocrx_word' id='word_1_147' title='bbox 280 996 391 1031; x_wconf 71' lang='lat' dir='ltr'>lopez,</span> <span class='ocrx_word' id='word_1_148' title='bbox 414 995 586 1036; x_wconf 72' lang='lat' dir='ltr'>Hispanus,</span> <span class='ocrx_word' id='word_1_149' title='bbox 610 1005 659 1036; x_wconf 84' lang='lat' dir='ltr'>ep.</span> <span class='ocrx_word' id='word_1_150' title='bbox 683 994 863 1033; x_wconf 78' lang='lat' dir='ltr'>Perusinus,</span> <span class='ocrx_word' id='word_1_151' title='bbox 887 1000 1003 1037; x_wconf 87' lang='lat' dir='ltr'>postm.</span> <span class='ocrx_word' id='word_1_152' title='bbox 1028 1007 1097 1038; x_wconf 88' lang='lat' dir='ltr'>aep.</span> <span class='ocrx_word' id='word_1_153' title='bbox 1122 997 1291 1038; x_wconf 86' lang='lat' dir='ltr'>Capuanus</span> <span class='ocrx_word' id='word_1_154' title='bbox 1315 1013 1347 1023; x_wconf 90' lang='lat'>=</span> <span class='ocrx_word' id='word_1_155' title='bbox 1373 998 1423 1028; x_wconf 92' lang='lat' dir='ltr'>tit.</span> <span class='ocrx_word' id='word_1_156' title='bbox 1448 1008 1472 1028; x_wconf 88' lang='lat' dir='ltr'>s.</span> <span class='ocrx_word' id='word_1_157' title='bbox 1496 998 1614 1028; x_wconf 88' lang='lat' dir='ltr'>Mariae</span> <span class='ocrx_word' id='word_1_158' title='bbox 1637 1001 1677 1029; x_wconf 89' lang='lat' dir='ltr'>tr.</span> <span class='ocrx_word' id='word_1_159' title='bbox 1701 998 1770 1029; x_wconf 90' lang='lat' dir='ltr'>Tib.</span> <span class='ocrx_word' id='word_1_160' title='bbox 1796 998 1977 1038; x_wconf 85' lang='lat' dir='ltr'>(Perusinus</span> <span class='ocrx_word' id='word_1_161' title='bbox 2000 999 2051 1030; x_wconf 90' lang='lat' dir='ltr'>vel</span> <span class='ocrx_word' id='word_1_162' title='bbox 2073 1000 2265 1040; x_wconf 85' lang='lat' dir='ltr'>Capuanus)‚</span> 
     </span>
     <span class='ocr_line' id='line_1_15' title="bbox 247 1047 1513 1089; baseline 0.003 -11"><span class='ocrx_word' id='word_1_163' title='bbox 247 1048 267 1088; x_wconf 89' lang='lat'><em>†</em></span> <span class='ocrx_word' id='word_1_164' title='bbox 288 1048 363 1079; x_wconf 94' lang='grc'><em>1501</em></span> <span class='ocrx_word' id='word_1_165' title='bbox 385 1047 465 1088; x_wconf 87' lang='lat' dir='ltr'>Aug.</span> <span class='ocrx_word' id='word_1_166' title='bbox 487 1047 559 1087; x_wconf 84' lang='lat'>5;⁸)</span> <span class='ocrx_word' id='word_1_167' title='bbox 580 1047 635 1078; x_wconf 77' lang='lat' dir='ltr'>cfr.</span> <span class='ocrx_word' id='word_1_168' title='bbox 657 1048 739 1089; x_wconf 92' lang='lat' dir='ltr'>App.</span> <span class='ocrx_word' id='word_1_169' title='bbox 762 1048 778 1078; x_wconf 99' lang='grc' dir='ltr'>Ι</span> <span class='ocrx_word' id='word_1_170' title='bbox 798 1059 844 1080; x_wconf 89' lang='lat' dir='ltr'>nr.</span> <span class='ocrx_word' id='word_1_171' title='bbox 867 1050 936 1086; x_wconf 83' lang='grc'><em>605,</em></span> <span class='ocrx_word' id='word_1_172' title='bbox 958 1050 1027 1087; x_wconf 91' lang='grc'><em>640,</em></span> <span class='ocrx_word' id='word_1_173' title='bbox 1050 1051 1123 1088; x_wconf 89' lang='grc'><em>643;</em></span> <span class='ocrx_word' id='word_1_174' title='bbox 1144 1049 1197 1081; x_wconf 92' lang='lat' dir='ltr'>lib.</span> <span class='ocrx_word' id='word_1_175' title='bbox 1220 1050 1253 1080; x_wconf 93' lang='lat' dir='ltr'>II</span> <span class='ocrx_word' id='word_1_176' title='bbox 1274 1061 1298 1081; x_wconf 84' lang='lat' dir='ltr'>s.</span> <span class='ocrx_word' id='word_1_177' title='bbox 1320 1061 1350 1082; x_wconf 91' lang='lat' dir='ltr'>v.</span> <span class='ocrx_word' id='word_1_178' title='bbox 1373 1050 1513 1088; x_wconf 87' lang='lat' dir='ltr'>Oloren.;</span> 
     </span>
    </p>

    <p class='ocr_par' dir='ltr' id='par_1_13' title="bbox 45 1100 2265 1198">
     <span class='ocr_line' id='line_1_16' title="bbox 45 1100 2265 1146; baseline 0.002 -13"><span class='ocrx_word' id='word_1_179' title='bbox 45 1101 96 1141; x_wconf 90' lang='lat'>18)</span> <span class='ocrx_word' id='word_1_180' title='bbox 117 1101 377 1133; x_wconf 65' lang='lat' dir='ltr'>Bartholomaeus</span> <span class='ocrx_word' id='word_1_181' title='bbox 398 1101 526 1132; x_wconf 74' lang='lat' dir='ltr'>Martini</span> <span class='ocrx_word' id='word_1_182' title='bbox 547 1100 720 1142; x_wconf 81' lang='lat' dir='ltr'>Hispanus,</span> <span class='ocrx_word' id='word_1_183' title='bbox 744 1112 792 1142; x_wconf 92' lang='lat' dir='ltr'>ep.</span> <span class='ocrx_word' id='word_1_184' title='bbox 820 1101 1050 1143; x_wconf 86' lang='lat' dir='ltr'>Segobricensis</span> <span class='ocrx_word' id='word_1_185' title='bbox 1073 1107 1105 1134; x_wconf 91' lang='lat' dir='ltr'>et</span> <span class='ocrx_word' id='word_1_186' title='bbox 1127 1103 1278 1144; x_wconf 86' lang='lat' dir='ltr'>magister</span> <span class='ocrx_word' id='word_1_187' title='bbox 1299 1103 1412 1134; x_wconf 91' lang='lat' dir='ltr'>domus</span> <span class='ocrx_word' id='word_1_188' title='bbox 1435 1115 1459 1134; x_wconf 92' lang='lat' dir='ltr'>s.</span> <span class='ocrx_word' id='word_1_189' title='bbox 1484 1104 1595 1144; x_wconf 88' lang='lat' dir='ltr'>palatii</span> <span class='ocrx_word' id='word_1_190' title='bbox 1619 1119 1651 1129; x_wconf 91' lang='lat'><strong><em>=</em></strong></span> <span class='ocrx_word' id='word_1_191' title='bbox 1676 1115 1700 1135; x_wconf 77' lang='lat' dir='ltr'>s,</span> <span class='ocrx_word' id='word_1_192' title='bbox 1725 1104 1869 1145; x_wconf 87' lang='lat' dir='ltr'>Agathae</span> <span class='ocrx_word' id='word_1_193' title='bbox 1891 1104 1971 1136; x_wconf 81' lang='lat' dir='ltr'>diac.</span> <span class='ocrx_word' id='word_1_194' title='bbox 1997 1105 2265 1146; x_wconf 87' lang='lat' dir='ltr'>(Segobricensis),</span> 
     </span>
     <span class='ocr_line' id='line_1_17' title="bbox 245 1153 1643 1198; baseline 0.003 -14"><span class='ocrx_word' id='word_1_195' title='bbox 245 1154 265 1195; x_wconf 92' lang='lat'><strong>†</strong></span> <span class='ocrx_word' id='word_1_196' title='bbox 286 1154 365 1185; x_wconf 86' lang='lat'>1500</span> <span class='ocrx_word' id='word_1_197' title='bbox 383 1153 477 1184; x_wconf 85' lang='lat' dir='ltr'>Mart.</span> <span class='ocrx_word' id='word_1_198' title='bbox 500 1153 586 1193; x_wconf 81' lang='lat'>25⁹);</span> <span class='ocrx_word' id='word_1_199' title='bbox 608 1153 663 1185; x_wconf 72' lang='lat' dir='ltr'>cfr.</span> <span class='ocrx_word' id='word_1_200' title='bbox 686 1154 768 1195; x_wconf 89' lang='lat' dir='ltr'>App.</span> <span class='ocrx_word' id='word_1_201' title='bbox 791 1154 807 1184; x_wconf 96' lang='grc' dir='ltr'>Ι</span> <span class='ocrx_word' id='word_1_202' title='bbox 828 1166 874 1186; x_wconf 91' lang='lat' dir='ltr'>nr.</span> <span class='ocrx_word' id='word_1_203' title='bbox 897 1155 966 1192; x_wconf 84' lang='lat'>607,</span> <span class='ocrx_word' id='word_1_204' title='bbox 989 1157 1062 1193; x_wconf 87' lang='lat'>625;</span> <span class='ocrx_word' id='word_1_205' title='bbox 1084 1155 1140 1187; x_wconf 80' lang='lat' dir='ltr'>cfr.</span> <span class='ocrx_word' id='word_1_206' title='bbox 1162 1156 1215 1187; x_wconf 91' lang='lat' dir='ltr'>lib.</span> <span class='ocrx_word' id='word_1_207' title='bbox 1238 1156 1271 1187; x_wconf 91' lang='grc' dir='ltr'>ΙΙ</span> <span class='ocrx_word' id='word_1_208' title='bbox 1293 1167 1316 1187; x_wconf 91' lang='lat' dir='ltr'>s.</span> <span class='ocrx_word' id='word_1_209' title='bbox 1339 1168 1369 1188; x_wconf 93' lang='lat' dir='ltr'>v.</span> <span class='ocrx_word' id='word_1_210' title='bbox 1393 1157 1643 1198; x_wconf 86' lang='lat' dir='ltr'>Balneoregien.;</span> 
     </span>
    </p>

    <p class='ocr_par' dir='ltr' id='par_1_14' title="bbox 46 1206 1902 1251">
     <span class='ocr_line' id='line_1_18' title="bbox 46 1206 1902 1251; baseline 0.002 -13"><span class='ocrx_word' id='word_1_211' title='bbox 46 1207 97 1247; x_wconf 87' lang='grc'>19)</span> <span class='ocrx_word' id='word_1_212' title='bbox 119 1206 259 1239; x_wconf 66' lang='lat' dir='ltr'>Ioannes</span> <span class='ocrx_word' id='word_1_213' title='bbox 279 1207 318 1239; x_wconf 84' lang='lat' dir='ltr'>(le</span> <span class='ocrx_word' id='word_1_214' title='bbox 338 1206 445 1238; x_wconf 74' lang='lat' dir='ltr'>Castro</span> <span class='ocrx_word' id='word_1_215' title='bbox 466 1206 639 1247; x_wconf 78' lang='lat' dir='ltr'>Hispanus,</span> <span class='ocrx_word' id='word_1_216' title='bbox 662 1218 711 1248; x_wconf 90' lang='lat' dir='ltr'>ep.</span> <span class='ocrx_word' id='word_1_217' title='bbox 734 1207 997 1249; x_wconf 71' lang='lat' dir='ltr'>Agrigentinusw)</span> <span class='ocrx_word' id='word_1_218' title='bbox 1023 1223 1055 1234; x_wconf 93' lang='lat'><strong><em>=</em></strong></span> <span class='ocrx_word' id='word_1_219' title='bbox 1080 1209 1131 1240; x_wconf 90' lang='lat' dir='ltr'>tit.</span> <span class='ocrx_word' id='word_1_220' title='bbox 1154 1220 1178 1240; x_wconf 89' lang='lat' dir='ltr'>s.</span> <span class='ocrx_word' id='word_1_221' title='bbox 1202 1209 1327 1241; x_wconf 81' lang='lat' dir='ltr'>Priscae</span> <span class='ocrx_word' id='word_1_222' title='bbox 1348 1210 1609 1251; x_wconf 74' lang='lat' dir='ltr'>(Agrigentinus),</span> <span class='ocrx_word' id='word_1_223' title='bbox 1633 1210 1652 1250; x_wconf 87' lang='lat'><strong>†</strong></span> <span class='ocrx_word' id='word_1_224' title='bbox 1676 1211 1752 1241; x_wconf 84' lang='lat'>1506</span> <span class='ocrx_word' id='word_1_225' title='bbox 1776 1210 1845 1242; x_wconf 86' lang='lat' dir='ltr'>Oct.</span> <span class='ocrx_word' id='word_1_226' title='bbox 1869 1212 1902 1248; x_wconf 91' lang='lat'>2;</span> 
     </span>
    </p>

    <p class='ocr_par' dir='ltr' id='par_1_15' title="bbox 40 1259 2265 1304">
     <span class='ocr_line' id='line_1_19' title="bbox 40 1259 2265 1304; baseline 0.002 -13"><span class='ocrx_word' id='word_1_227' title='bbox 40 1260 96 1300; x_wconf 77' lang='lat'>20)</span> <span class='ocrx_word' id='word_1_228' title='bbox 118 1260 258 1292; x_wconf 71' lang='lat' dir='ltr'>Jomnes</span> <span class='ocrx_word' id='word_1_229' title='bbox 271 1260 309 1292; x_wconf 75' lang='lat' dir='ltr'>de</span> <span class='ocrx_word' id='word_1_230' title='bbox 321 1259 419 1295; x_wconf 78' lang='lat' dir='ltr'>Boria</span> <span class='ocrx_word' id='word_1_231' title='bbox 434 1259 585 1300; x_wconf 82' lang='lat' dir='ltr'>(Borgia)‚</span> <span class='ocrx_word' id='word_1_232' title='bbox 602 1271 709 1301; x_wconf 90' lang='lat' dir='ltr'>nepos,</span> <span class='ocrx_word' id='word_1_233' title='bbox 726 1260 763 1291; x_wconf 91' lang='lat' dir='ltr'>el.</span> <span class='ocrx_word' id='word_1_234' title='bbox 780 1260 928 1299; x_wconf 65' lang='lat' dir='ltr'>Meffien„</span> <span class='ocrx_word' id='word_1_235' title='bbox 945 1265 1060 1302; x_wconf 86' lang='lat' dir='ltr'>postm.</span> <span class='ocrx_word' id='word_1_236' title='bbox 1077 1273 1146 1303; x_wconf 87' lang='lat' dir='ltr'>aep.</span> <span class='ocrx_word' id='word_1_237' title='bbox 1163 1262 1304 1303; x_wconf 82' lang='lat' dir='ltr'>Capuan.</span> <span class='ocrx_word' id='word_1_238' title='bbox 1321 1273 1357 1293; x_wconf 88' lang='lat' dir='ltr'>ac</span> <span class='ocrx_word' id='word_1_239' title='bbox 1373 1263 1531 1294; x_wconf 85' lang='lat' dir='ltr'>Valentin.</span> <span class='ocrx_word' id='word_1_240' title='bbox 1558 1278 1590 1288; x_wconf 82' lang='lat'>=</span> <span class='ocrx_word' id='word_1_241' title='bbox 1615 1273 1639 1294; x_wconf 76' lang='lat' dir='ltr'>e.</span> <span class='ocrx_word' id='word_1_242' title='bbox 1656 1263 1774 1294; x_wconf 86' lang='lat' dir='ltr'>Mariae</span> <span class='ocrx_word' id='word_1_243' title='bbox 1788 1264 1820 1294; x_wconf 92' lang='lat' dir='ltr'>in</span> <span class='ocrx_word' id='word_1_244' title='bbox 1836 1264 1889 1294; x_wconf 89' lang='lat' dir='ltr'>via</span> <span class='ocrx_word' id='word_1_245' title='bbox 1904 1263 1970 1295; x_wconf 85' lang='lat' dir='ltr'>lata</span> <span class='ocrx_word' id='word_1_246' title='bbox 1984 1264 2065 1295; x_wconf 84' lang='lat' dir='ltr'>diac.</span> <span class='ocrx_word' id='word_1_247' title='bbox 2095 1266 2130 1304; x_wconf 92' lang='lat' dir='ltr'>(s.</span> <span class='ocrx_word' id='word_1_248' title='bbox 2147 1265 2265 1296; x_wconf 89' lang='lat' dir='ltr'>Mariae</span> 
     </span>
    </p>
   </div>
   <div class='ocr_carea' id='block_1_13' title="bbox 247 1312 1097 1355">
    <p class='ocr_par' dir='ltr' id='par_1_16' title="bbox 247 1312 1097 1355">
     <span class='ocr_line' id='line_1_20' title="bbox 247 1312 1097 1355; baseline 0.002 -12"><span class='ocrx_word' id='word_1_249' title='bbox 247 1313 279 1343; x_wconf 92' lang='lat' dir='ltr'>in</span> <span class='ocrx_word' id='word_1_250' title='bbox 302 1313 355 1343; x_wconf 88' lang='lat' dir='ltr'>via</span> <span class='ocrx_word' id='word_1_251' title='bbox 377 1312 444 1343; x_wconf 87' lang='lat' dir='ltr'>lata</span> <span class='ocrx_word' id='word_1_252' title='bbox 467 1312 519 1344; x_wconf 88' lang='lat' dir='ltr'>vel</span> <span class='ocrx_word' id='word_1_253' title='bbox 540 1312 580 1343; x_wconf 88' lang='lat' dir='ltr'>de</span> <span class='ocrx_word' id='word_1_254' title='bbox 603 1313 724 1355; x_wconf 84' lang='lat' dir='ltr'>Borja),</span> <span class='ocrx_word' id='word_1_255' title='bbox 748 1313 768 1353; x_wconf 87' lang='lat'>†</span> <span class='ocrx_word' id='word_1_256' title='bbox 792 1314 871 1344; x_wconf 89' lang='lat'>1500</span> <span class='ocrx_word' id='word_1_257' title='bbox 895 1314 968 1345; x_wconf 86' lang='lat' dir='ltr'>Jan.</span> <span class='ocrx_word' id='word_1_258' title='bbox 995 1314 1097 1355; x_wconf 84' lang='lat'>17;11)</span> 
     </span>
    </p>
   </div>
   <div class='ocr_carea' id='block_1_14' title="bbox 0 1392 2168 1508">
    <p class='ocr_par' dir='ltr' id='par_1_17' title="bbox 0 1392 2168 1508">
     <span class='ocr_line' id='line_1_21' title="bbox 711 1392 1610 1435; baseline 0.002 -11"><span class='ocrx_word' id='word_1_259' title='bbox 711 1395 744 1434; x_wconf 88' lang='lat' dir='ltr'>g)</span> <span class='ocrx_word' id='word_1_260' title='bbox 766 1394 801 1424; x_wconf 79' lang='lat' dir='ltr'>in</span> <span class='ocrx_word' id='word_1_261' title='bbox 821 1392 952 1434; x_wconf 75' lang='lat' dir='ltr'>septima</span> <span class='ocrx_word' id='word_1_262' title='bbox 971 1394 1159 1435; x_wconf 78' lang='lat' dir='ltr'>promotione</span> <span class='ocrx_word' id='word_1_263' title='bbox 1179 1394 1219 1425; x_wconf 85' lang='lat'>17</span> <span class='ocrx_word' id='word_1_264' title='bbox 1239 1394 1322 1435; x_wconf 83' lang='lat' dir='ltr'>Sept.</span> <span class='ocrx_word' id='word_1_265' title='bbox 1345 1394 1426 1426; x_wconf 89' lang='grc'><em>1498</em></span> <span class='ocrx_word' id='word_1_266' title='bbox 1446 1394 1559 1426; x_wconf 80' lang='lat' dir='ltr'>habita:</span> <span class='ocrx_word' id='word_1_267' title='bbox 1572 1395 1610 1435; x_wconf 80' lang='lat'>¹2)</span> 
     </span>
     <span class='ocr_line' id='line_1_22' title="bbox 0 1435 2168 1508; baseline 0.002 -14"><span class='ocrx_word' id='word_1_268' title='bbox 0 1435 2 1447; x_wconf 35' lang='lat' dir='ltr'>y</span> <span class='ocrx_word' id='word_1_269' title='bbox 38 1462 94 1503; x_wconf 77' lang='lat'>21)</span> <span class='ocrx_word' id='word_1_270' title='bbox 117 1462 266 1498; x_wconf 70' lang='lat' dir='ltr'>Georgius</span> <span class='ocrx_word' id='word_1_271' title='bbox 287 1462 326 1494; x_wconf 80' lang='lat' dir='ltr'>de</span> <span class='ocrx_word' id='word_1_272' title='bbox 346 1463 504 1499; x_wconf 72' lang='grc' dir='ltr'><em>Αωὶιοίεο,</em></span> <span class='ocrx_word' id='word_1_273' title='bbox 528 1473 597 1504; x_wconf 87' lang='lat' dir='ltr'>aep.</span> <span class='ocrx_word' id='word_1_274' title='bbox 621 1463 854 1505; x_wconf 87' lang='lat' dir='ltr'>Rothomagen.</span> <span class='ocrx_word' id='word_1_275' title='bbox 879 1464 967 1504; x_wconf 91' lang='lat' dir='ltr'>(olim</span> <span class='ocrx_word' id='word_1_276' title='bbox 989 1464 1184 1505; x_wconf 87' lang='lat' dir='ltr'>Narbonen.)</span> <span class='ocrx_word' id='word_1_277' title='bbox 1210 1481 1242 1491; x_wconf 95' lang='lat'><strong><em>=</em></strong></span> <span class='ocrx_word' id='word_1_278' title='bbox 1267 1466 1318 1497; x_wconf 89' lang='lat' dir='ltr'>tit.</span> <span class='ocrx_word' id='word_1_279' title='bbox 1342 1477 1366 1497; x_wconf 83' lang='lat' dir='ltr'>s.</span> <span class='ocrx_word' id='word_1_280' title='bbox 1393 1466 1474 1497; x_wconf 88' lang='lat' dir='ltr'>Sixti</span> <span class='ocrx_word' id='word_1_281' title='bbox 1498 1467 1799 1508; x_wconf 84' lang='lat' dir='ltr'>(Rothomagensis),</span> <span class='ocrx_word' id='word_1_282' title='bbox 1823 1468 1842 1508; x_wconf 89' lang='lat'>†</span> <span class='ocrx_word' id='word_1_283' title='bbox 1867 1468 1944 1498; x_wconf 85' lang='lat'>1510</span> <span class='ocrx_word' id='word_1_284' title='bbox 1966 1468 2040 1499; x_wconf 90' lang='lat' dir='ltr'>Maii</span> <span class='ocrx_word' id='word_1_285' title='bbox 2063 1468 2168 1508; x_wconf 82' lang='lat'>25;1³)</span> 
     </span>
    </p>
   </div>
   <div class='ocr_carea' id='block_1_15' title="bbox 0 1602 1096 3122">
    <p class='ocr_par' dir='ltr' id='par_1_18' title="bbox 34 1602 1096 1857">
     <span class='ocr_line' id='line_1_23' title="bbox 108 1602 1094 1637; baseline 0.003 -9"><span class='ocrx_word' id='word_1_286' title='bbox 108 1602 132 1635; x_wconf 85' lang='lat'>¹)</span> <span class='ocrx_word' id='word_1_287' title='bbox 150 1602 203 1629; x_wconf 90' lang='lat' dir='ltr'>Die</span> <span class='ocrx_word' id='word_1_288' title='bbox 223 1603 255 1628; x_wconf 89' lang='lat'>12</span> <span class='ocrx_word' id='word_1_289' title='bbox 274 1602 339 1629; x_wconf 84' lang='lat' dir='ltr'>Dec.</span> <span class='ocrx_word' id='word_1_290' title='bbox 363 1603 438 1634; x_wconf 83' lang='lat'>1485,</span> <span class='ocrx_word' id='word_1_291' title='bbox 458 1603 549 1629; x_wconf 82' lang='lat' dir='ltr'>adhuc</span> <span class='ocrx_word' id='word_1_292' title='bbox 569 1612 645 1637; x_wconf 88' lang='lat' dir='ltr'>puer,</span> <span class='ocrx_word' id='word_1_293' title='bbox 665 1604 788 1630; x_wconf 77' lang='lat' dir='ltr'>obtinuit</span> <span class='ocrx_word' id='word_1_294' title='bbox 806 1605 835 1630; x_wconf 94' lang='lat' dir='ltr'>in</span> <span class='ocrx_word' id='word_1_295' title='bbox 854 1613 952 1631; x_wconf 90' lang='lat' dir='ltr'>comm.</span> <span class='ocrx_word' id='word_1_296' title='bbox 974 1614 1046 1632; x_wconf 91' lang='lat' dir='ltr'>mon.</span> <span class='ocrx_word' id='word_1_297' title='bbox 1068 1605 1094 1631; x_wconf 94' lang='lat' dir='ltr'>b.</span> 
     </span>
     <span class='ocr_line' id='line_1_24' title="bbox 36 1645 1096 1683; baseline 0.001 -9"><span class='ocrx_word' id='word_1_298' title='bbox 36 1645 142 1674; x_wconf 59' lang='lat' dir='ltr'>uariae</span> <span class='ocrx_word' id='word_1_299' title='bbox 156 1646 191 1673; x_wconf 87' lang='lat' dir='ltr'>de</span> <span class='ocrx_word' id='word_1_300' title='bbox 205 1647 353 1681; x_wconf 87' lang='lat' dir='ltr'>Pomposia</span> <span class='ocrx_word' id='word_1_301' title='bbox 367 1647 399 1674; x_wconf 92' lang='grc' dir='ltr'><em>Ο.</em></span> <span class='ocrx_word' id='word_1_302' title='bbox 418 1647 444 1674; x_wconf 87' lang='lat' dir='ltr'>S.</span> <span class='ocrx_word' id='word_1_303' title='bbox 461 1647 493 1673; x_wconf 94' lang='lat' dir='ltr'>B.</span> <span class='ocrx_word' id='word_1_304' title='bbox 510 1647 595 1674; x_wconf 85' lang='lat' dir='ltr'>dioec.</span> <span class='ocrx_word' id='word_1_305' title='bbox 612 1648 762 1679; x_wconf 83' lang='lat' dir='ltr'>Ferrarien,</span> <span class='ocrx_word' id='word_1_306' title='bbox 778 1657 837 1674; x_wconf 84' lang='lat' dir='ltr'>vae.</span> <span class='ocrx_word' id='word_1_307' title='bbox 855 1658 903 1683; x_wconf 86' lang='lat' dir='ltr'>per</span> <span class='ocrx_word' id='word_1_308' title='bbox 917 1650 960 1675; x_wconf 94' lang='lat' dir='ltr'>ob.</span> <span class='ocrx_word' id='word_1_309' title='bbox 979 1650 1096 1676; x_wconf 82' lang='lat' dir='ltr'>Joannis</span> 
     </span>
     <span class='ocr_line' id='line_1_25' title="bbox 34 1689 1096 1725; baseline 0.003 -8"><span class='ocrx_word' id='word_1_310' title='bbox 34 1689 112 1717; x_wconf 69' lang='lat' dir='ltr'>oud.</span> <span class='ocrx_word' id='word_1_311' title='bbox 130 1690 166 1717; x_wconf 83' lang='lat' dir='ltr'>de</span> <span class='ocrx_word' id='word_1_312' title='bbox 182 1690 320 1725; x_wconf 82' lang='lat' dir='ltr'>Aragonia</span> <span class='ocrx_word' id='word_1_313' title='bbox 337 1691 410 1723; x_wconf 92' lang='lat' dir='ltr'>(Obl.</span> <span class='ocrx_word' id='word_1_314' title='bbox 429 1692 472 1722; x_wconf 89' lang='lat'>83,</span> <span class='ocrx_word' id='word_1_315' title='bbox 490 1692 535 1724; x_wconf 87' lang='grc'>99)</span> <span class='ocrx_word' id='word_1_316' title='bbox 553 1695 582 1718; x_wconf 88' lang='lat' dir='ltr'>et</span> <span class='ocrx_word' id='word_1_317' title='bbox 599 1693 615 1718; x_wconf 88' lang='lat'>2</span> <span class='ocrx_word' id='word_1_318' title='bbox 632 1692 699 1718; x_wconf 88' lang='lat' dir='ltr'>Maii</span> <span class='ocrx_word' id='word_1_319' title='bbox 718 1693 784 1718; x_wconf 83' lang='lat'>1492</span> <span class='ocrx_word' id='word_1_320' title='bbox 803 1701 875 1719; x_wconf 90' lang='lat' dir='ltr'>mon.</span> <span class='ocrx_word' id='word_1_321' title='bbox 895 1702 915 1719; x_wconf 87' lang='lat' dir='ltr'>s.</span> <span class='ocrx_word' id='word_1_322' title='bbox 936 1693 1045 1720; x_wconf 84' lang='lat' dir='ltr'>Genesii</span> <span class='ocrx_word' id='word_1_323' title='bbox 1062 1694 1096 1720; x_wconf 87' lang='lat' dir='ltr'>de</span> 
     </span>
     <span class='ocr_line' id='line_1_26' title="bbox 36 1730 1096 1770; baseline 0.002 -8"><span class='ocrx_word' id='word_1_324' title='bbox 36 1730 159 1762; x_wconf 59' lang='lat' dir='ltr'>mizano</span> <span class='ocrx_word' id='word_1_325' title='bbox 178 1734 211 1761; x_wconf 92' lang='grc' dir='ltr'><em>Ο.</em></span> <span class='ocrx_word' id='word_1_326' title='bbox 231 1734 258 1761; x_wconf 81' lang='lat' dir='ltr'>S.</span> <span class='ocrx_word' id='word_1_327' title='bbox 275 1735 307 1761; x_wconf 89' lang='lat' dir='ltr'>B.</span> <span class='ocrx_word' id='word_1_328' title='bbox 328 1735 414 1761; x_wconf 85' lang='lat' dir='ltr'>dioec.</span> <span class='ocrx_word' id='word_1_329' title='bbox 435 1735 511 1767; x_wconf 68' lang='grc'><em>111111,</em></span> <span class='ocrx_word' id='word_1_330' title='bbox 532 1745 592 1762; x_wconf 79' lang='lat' dir='ltr'>vae.</span> <span class='ocrx_word' id='word_1_331' title='bbox 614 1744 663 1770; x_wconf 87' lang='lat' dir='ltr'>per</span> <span class='ocrx_word' id='word_1_332' title='bbox 682 1745 732 1762; x_wconf 84' lang='lat' dir='ltr'>res.</span> <span class='ocrx_word' id='word_1_333' title='bbox 756 1737 890 1763; x_wconf 88' lang='lat' dir='ltr'>Guidom&#39;s</span> <span class='ocrx_word' id='word_1_334' title='bbox 910 1738 944 1764; x_wconf 89' lang='lat' dir='ltr'>de</span> <span class='ocrx_word' id='word_1_335' title='bbox 964 1738 1096 1764; x_wconf 86' lang='lat' dir='ltr'>Thorellis</span> 
     </span>
     <span class='ocr_line' id='line_1_27' title="bbox 37 1778 1095 1815; baseline 0.005 -11"><span class='ocrx_word' id='word_1_336' title='bbox 37 1778 202 1810; x_wconf 68' lang='lat' dir='ltr'>commend„</span> <span class='ocrx_word' id='word_1_337' title='bbox 220 1779 358 1813; x_wconf 75' lang='lat' dir='ltr'>msignato</span> <span class='ocrx_word' id='word_1_338' title='bbox 375 1782 471 1805; x_wconf 86' lang='lat' dir='ltr'>tamen</span> <span class='ocrx_word' id='word_1_339' title='bbox 487 1780 534 1806; x_wconf 85' lang='lat' dir='ltr'>illo</span> <span class='ocrx_word' id='word_1_340' title='bbox 551 1789 625 1806; x_wconf 90' lang='lat' dir='ltr'>mon.</span> <span class='ocrx_word' id='word_1_341' title='bbox 644 1780 679 1806; x_wconf 89' lang='lat' dir='ltr'>de</span> <span class='ocrx_word' id='word_1_342' title='bbox 697 1781 852 1815; x_wconf 85' lang='lat' dir='ltr'>Pomposia.</span> <span class='ocrx_word' id='word_1_343' title='bbox 889 1781 946 1814; x_wconf 82' lang='lat' dir='ltr'>(Ac</span> <span class='ocrx_word' id='word_1_344' title='bbox 957 1782 1061 1809; x_wconf 86' lang='lat' dir='ltr'>Camer.</span> <span class='ocrx_word' id='word_1_345' title='bbox 1082 1783 1095 1808; x_wconf 97' lang='lat' dir='ltr'>I</span> 
     </span>
     <span class='ocr_line' id='line_1_28' title="bbox 37 1821 742 1857; baseline 0.004 -9"><span class='ocrx_word' id='word_1_346' title='bbox 37 1821 58 1848; x_wconf 73' lang='lat' dir='ltr'>f.</span> <span class='ocrx_word' id='word_1_347' title='bbox 78 1821 133 1854; x_wconf 81' lang='lat'>22).</span> <span class='ocrx_word' id='word_1_348' title='bbox 173 1822 228 1849; x_wconf 65' lang='lat' dir='ltr'>cer.</span> <span class='ocrx_word' id='word_1_349' title='bbox 249 1822 320 1857; x_wconf 80' lang='lat' dir='ltr'>App.</span> <span class='ocrx_word' id='word_1_350' title='bbox 342 1823 357 1849; x_wconf 93' lang='lat'>1</span> <span class='ocrx_word' id='word_1_351' title='bbox 376 1832 416 1849; x_wconf 83' lang='lat' dir='ltr'>nr.</span> <span class='ocrx_word' id='word_1_352' title='bbox 438 1824 499 1855; x_wconf 87' lang='lat'>598,</span> <span class='ocrx_word' id='word_1_353' title='bbox 519 1825 580 1855; x_wconf 84' lang='lat'>645,</span> <span class='ocrx_word' id='word_1_354' title='bbox 601 1825 662 1855; x_wconf 85' lang='lat'>652,</span> <span class='ocrx_word' id='word_1_355' title='bbox 683 1826 742 1852; x_wconf 87' lang='lat'>657.</span> 
     </span>
    </p>

    <p class='ocr_par' dir='ltr' id='par_1_19' title="bbox 33 1865 1096 2112">
     <span class='ocr_line' id='line_1_29' title="bbox 108 1865 1096 1901; baseline 0.006 -10"><span class='ocrx_word' id='word_1_356' title='bbox 108 1865 132 1899; x_wconf 78' lang='lat'>¹)</span> <span class='ocrx_word' id='word_1_357' title='bbox 150 1865 203 1892; x_wconf 82' lang='lat' dir='ltr'>Die</span> <span class='ocrx_word' id='word_1_358' title='bbox 218 1885 225 1892; x_wconf 89' lang='lat'>.</span> <span class='ocrx_word' id='word_1_359' title='bbox 245 1886 252 1892; x_wconf 91' lang='lat'>.</span> <span class='ocrx_word' id='word_1_360' title='bbox 267 1868 368 1893; x_wconf 80' lang='lat' dir='ltr'>mensis</span> <span class='ocrx_word' id='word_1_361' title='bbox 383 1887 390 1893; x_wconf 97' lang='lat'>.</span> <span class='ocrx_word' id='word_1_362' title='bbox 410 1887 417 1893; x_wconf 91' lang='lat'>.</span> <span class='ocrx_word' id='word_1_363' title='bbox 434 1869 502 1894; x_wconf 83' lang='lat'>1494</span> <span class='ocrx_word' id='word_1_364' title='bbox 524 1868 551 1895; x_wconf 88' lang='lat' dir='ltr'>S.</span> <span class='ocrx_word' id='word_1_365' title='bbox 574 1869 603 1894; x_wconf 93' lang='lat' dir='ltr'>P.</span> <span class='ocrx_word' id='word_1_366' title='bbox 626 1869 655 1894; x_wconf 89' lang='lat' dir='ltr'>in</span> <span class='ocrx_word' id='word_1_367' title='bbox 675 1877 725 1895; x_wconf 89' lang='lat' dir='ltr'>suo</span> <span class='ocrx_word' id='word_1_368' title='bbox 746 1870 907 1895; x_wconf 85' lang='lat' dir='ltr'>consistorio</span> <span class='ocrx_word' id='word_1_369' title='bbox 928 1873 1042 1901; x_wconf 85' lang='lat' dir='ltr'>secreto,</span> <span class='ocrx_word' id='word_1_370' title='bbox 1063 1874 1096 1897; x_wconf 87' lang='lat' dir='ltr'>ut</span> 
     </span>
     <span class='ocr_line' id='line_1_30' title="bbox 37 1909 1095 1949; baseline 0.005 -14"><span class='ocrx_word' id='word_1_371' title='bbox 37 1909 123 1936; x_wconf 71' lang='lat' dir='ltr'>moris</span> <span class='ocrx_word' id='word_1_372' title='bbox 135 1913 187 1941; x_wconf 85' lang='lat' dir='ltr'>est,</span> <span class='ocrx_word' id='word_1_373' title='bbox 201 1911 351 1945; x_wconf 76' lang='lat' dir='ltr'>assumpsit</span> <span class='ocrx_word' id='word_1_374' title='bbox 364 1911 401 1937; x_wconf 74' lang='lat' dir='ltr'>ad</span> <span class='ocrx_word' id='word_1_375' title='bbox 414 1911 538 1938; x_wconf 79' lang='lat' dir='ltr'>ordinem</span> <span class='ocrx_word' id='word_1_376' title='bbox 551 1915 581 1938; x_wconf 87' lang='lat' dir='ltr'>et</span> <span class='ocrx_word' id='word_1_377' title='bbox 593 1912 758 1946; x_wconf 81' lang='lat' dir='ltr'>dignitatem</span> <span class='ocrx_word' id='word_1_378' title='bbox 773 1914 959 1940; x_wconf 85' lang='lat' dir='ltr'>cardinalatus</span> <span class='ocrx_word' id='word_1_379' title='bbox 974 1915 1095 1949; x_wconf 88' lang='lat' dir='ltr'>Loysum</span> 
     </span>
     <span class='ocr_line' id='line_1_31' title="bbox 37 1953 1094 1990; baseline 0.006 -11"><span class='ocrx_word' id='word_1_380' title='bbox 37 1955 68 1980; x_wconf 77' lang='lat' dir='ltr'>et</span> <span class='ocrx_word' id='word_1_381' title='bbox 77 1953 123 1980; x_wconf 87' lang='lat' dir='ltr'>die</span> <span class='ocrx_word' id='word_1_382' title='bbox 138 1973 145 1979; x_wconf 91' lang='lat'>.</span> <span class='ocrx_word' id='word_1_383' title='bbox 166 1973 172 1980; x_wconf 89' lang='lat'>.</span> <span class='ocrx_word' id='word_1_384' title='bbox 187 1955 340 1988; x_wconf 75' lang='lat' dir='ltr'>assignavit</span> <span class='ocrx_word' id='word_1_385' title='bbox 349 1955 374 1981; x_wconf 95' lang='lat' dir='ltr'>ei</span> <span class='ocrx_word' id='word_1_386' title='bbox 384 1955 487 1989; x_wconf 86' lang='lat' dir='ltr'>pileum</span> <span class='ocrx_word' id='word_1_387' title='bbox 497 1958 526 1982; x_wconf 87' lang='lat' dir='ltr'>et</span> <span class='ocrx_word' id='word_1_388' title='bbox 535 1956 650 1983; x_wconf 91' lang='lat' dir='ltr'>titulum</span> <span class='ocrx_word' id='word_1_389' title='bbox 661 1957 742 1983; x_wconf 90' lang='lat' dir='ltr'>videl.</span> <span class='ocrx_word' id='word_1_390' title='bbox 754 1966 775 1983; x_wconf 90' lang='lat' dir='ltr'>s.</span> <span class='ocrx_word' id='word_1_391' title='bbox 787 1958 890 1984; x_wconf 84' lang='lat' dir='ltr'>Mariae</span> <span class='ocrx_word' id='word_1_392' title='bbox 900 1959 929 1984; x_wconf 86' lang='lat' dir='ltr'>in</span> <span class='ocrx_word' id='word_1_393' title='bbox 940 1958 1094 1990; x_wconf 85' lang='lat' dir='ltr'>Cosmedin,</span> 
     </span>
     <span class='ocr_line' id='line_1_32' title="bbox 37 1998 1095 2035; baseline 0.006 -12"><span class='ocrx_word' id='word_1_394' title='bbox 37 1998 88 2032; x_wconf 82' lang='lat' dir='ltr'>qui</span> <span class='ocrx_word' id='word_1_395' title='bbox 103 1998 177 2032; x_wconf 84' lang='lat' dir='ltr'>vulg.</span> <span class='ocrx_word' id='word_1_396' title='bbox 194 2002 372 2032; x_wconf 82' lang='lat' dir='ltr'>nuncupatur</span> <span class='ocrx_word' id='word_1_397' title='bbox 386 1999 456 2026; x_wconf 82' lang='lat' dir='ltr'>diac.</span> <span class='ocrx_word' id='word_1_398' title='bbox 472 1999 508 2026; x_wconf 86' lang='lat' dir='ltr'>de</span> <span class='ocrx_word' id='word_1_399' title='bbox 516 2000 654 2034; x_wconf 86' lang='lat' dir='ltr'>Aragonia</span> <span class='ocrx_word' id='word_1_400' title='bbox 664 2001 722 2033; x_wconf 86' lang='lat' dir='ltr'>&lt;Ac</span> <span class='ocrx_word' id='word_1_401' title='bbox 731 2001 842 2028; x_wconf 88' lang='lat' dir='ltr'>Miscell.</span> <span class='ocrx_word' id='word_1_402' title='bbox 857 2002 902 2028; x_wconf 95' lang='lat' dir='ltr'>III</span> <span class='ocrx_word' id='word_1_403' title='bbox 914 2002 933 2028; x_wconf 87' lang='lat' dir='ltr'>f.</span> <span class='ocrx_word' id='word_1_404' title='bbox 947 2004 982 2035; x_wconf 90' lang='lat'>5).</span> <span class='ocrx_word' id='word_1_405' title='bbox 1005 2003 1095 2034; x_wconf 83' lang='lat' dir='ltr'>Quam</span> 
     </span>
     <span class='ocr_line' id='line_1_33' title="bbox 36 2042 1095 2078; baseline 0.006 -11"><span class='ocrx_word' id='word_1_406' title='bbox 36 2042 248 2068; x_wconf 75' lang='lat' dir='ltr'>mactationem</span> <span class='ocrx_word' id='word_1_407' title='bbox 266 2043 406 2076; x_wconf 80' lang='lat' dir='ltr'>praeeedit</span> <span class='ocrx_word' id='word_1_408' title='bbox 423 2044 547 2078; x_wconf 85' lang='lat' dir='ltr'>proxime</span> <span class='ocrx_word' id='word_1_409' title='bbox 564 2044 611 2070; x_wconf 78' lang='lat' dir='ltr'>illa</span> <span class='ocrx_word' id='word_1_410' title='bbox 627 2045 662 2071; x_wconf 88' lang='lat' dir='ltr'>de</span> <span class='ocrx_word' id='word_1_411' title='bbox 679 2053 786 2071; x_wconf 89' lang='lat' dir='ltr'>recessu</span> <span class='ocrx_word' id='word_1_412' title='bbox 804 2046 950 2072; x_wconf 84' lang='lat' dir='ltr'>cardinalis</span> <span class='ocrx_word' id='word_1_413' title='bbox 969 2047 1095 2073; x_wconf 83' lang='lat' dir='ltr'>Senensis</span> 
     </span>
     <span class='ocr_line' id='line_1_34' title="bbox 33 2085 253 2112; baseline 0 0"><span class='ocrx_word' id='word_1_414' title='bbox 33 2085 70 2112; x_wconf 80' lang='lat'>³1</span> <span class='ocrx_word' id='word_1_415' title='bbox 90 2085 156 2112; x_wconf 85' lang='lat' dir='ltr'>Dec.</span> <span class='ocrx_word' id='word_1_416' title='bbox 177 2087 253 2112; x_wconf 80' lang='lat'>1494.</span> 
     </span>
    </p>

    <p class='ocr_par' dir='ltr' id='par_1_20' title="bbox 107 2129 812 2166">
     <span class='ocr_line' id='line_1_35' title="bbox 107 2129 812 2166; baseline 0.007 -11"><span class='ocrx_word' id='word_1_417' title='bbox 107 2129 130 2162; x_wconf 81' lang='lat'>⁸)</span> <span class='ocrx_word' id='word_1_418' title='bbox 149 2130 166 2163; x_wconf 87' lang='lat'>†</span> <span class='ocrx_word' id='word_1_419' title='bbox 186 2131 254 2156; x_wconf 83' lang='lat'>1519</span> <span class='ocrx_word' id='word_1_420' title='bbox 273 2130 337 2157; x_wconf 74' lang='lat' dir='ltr'>Jan.</span> <span class='ocrx_word' id='word_1_421' title='bbox 357 2132 404 2162; x_wconf 85' lang='lat'>21;</span> <span class='ocrx_word' id='word_1_422' title='bbox 423 2132 471 2158; x_wconf 77' lang='lat' dir='ltr'>cfr.</span> <span class='ocrx_word' id='word_1_423' title='bbox 489 2132 562 2166; x_wconf 82' lang='lat' dir='ltr'>App.</span> <span class='ocrx_word' id='word_1_424' title='bbox 581 2132 596 2158; x_wconf 93' lang='lat'>1</span> <span class='ocrx_word' id='word_1_425' title='bbox 613 2141 654 2158; x_wconf 83' lang='lat' dir='ltr'>nr.</span> <span class='ocrx_word' id='word_1_426' title='bbox 673 2134 734 2164; x_wconf 85' lang='lat'>555,</span> <span class='ocrx_word' id='word_1_427' title='bbox 752 2134 812 2160; x_wconf 84' lang='lat'>664.</span> 
     </span>
    </p>

    <p class='ocr_par' dir='ltr' id='par_1_21' title="bbox 33 2173 1095 2383">
     <span class='ocr_line' id='line_1_36' title="bbox 106 2173 1094 2212; baseline 0.006 -13"><span class='ocrx_word' id='word_1_428' title='bbox 106 2173 130 2206; x_wconf 64' lang='grc' dir='ltr'>Δ)</span> <span class='ocrx_word' id='word_1_429' title='bbox 149 2174 201 2200; x_wconf 87' lang='lat' dir='ltr'>Die</span> <span class='ocrx_word' id='word_1_430' title='bbox 212 2175 245 2200; x_wconf 84' lang='lat'>16</span> <span class='ocrx_word' id='word_1_431' title='bbox 254 2174 318 2201; x_wconf 84' lang='lat' dir='ltr'>Jan.</span> <span class='ocrx_word' id='word_1_432' title='bbox 331 2176 399 2201; x_wconf 85' lang='lat'>1495</span> <span class='ocrx_word' id='word_1_433' title='bbox 409 2175 436 2202; x_wconf 90' lang='lat' dir='ltr'>S.</span> <span class='ocrx_word' id='word_1_434' title='bbox 447 2176 477 2201; x_wconf 90' lang='lat' dir='ltr'>P.</span> <span class='ocrx_word' id='word_1_435' title='bbox 487 2176 516 2202; x_wconf 86' lang='lat' dir='ltr'>in</span> <span class='ocrx_word' id='word_1_436' title='bbox 525 2185 575 2202; x_wconf 90' lang='lat' dir='ltr'>suo</span> <span class='ocrx_word' id='word_1_437' title='bbox 583 2177 744 2203; x_wconf 75' lang='lat' dir='ltr'>consistorio</span> <span class='ocrx_word' id='word_1_438' title='bbox 752 2181 857 2204; x_wconf 73' lang='lat' dir='ltr'>secreto</span> <span class='ocrx_word' id='word_1_439' title='bbox 866 2179 940 2212; x_wconf 89' lang='lat' dir='ltr'>apud</span> <span class='ocrx_word' id='word_1_440' title='bbox 949 2187 970 2205; x_wconf 86' lang='lat' dir='ltr'>s.</span> <span class='ocrx_word' id='word_1_441' title='bbox 981 2179 1094 2205; x_wconf 84' lang='lat' dir='ltr'>Petrum</span> 
     </span>
     <span class='ocr_line' id='line_1_37' title="bbox 35 2217 1095 2256; baseline 0.005 -12"><span class='ocrx_word' id='word_1_442' title='bbox 35 2217 67 2245; x_wconf 72' lang='lat' dir='ltr'>in</span> <span class='ocrx_word' id='word_1_443' title='bbox 87 2217 194 2252; x_wconf 81' lang='lat' dir='ltr'>palatio</span> <span class='ocrx_word' id='word_1_444' title='bbox 214 2221 304 2252; x_wconf 75' lang='lat' dir='ltr'>apost.</span> <span class='ocrx_word' id='word_1_445' title='bbox 327 2219 450 2245; x_wconf 75' lang='lat' dir='ltr'>instante</span> <span class='ocrx_word' id='word_1_446' title='bbox 470 2228 532 2254; x_wconf 86' lang='lat' dir='ltr'>rege</span> <span class='ocrx_word' id='word_1_447' title='bbox 554 2220 722 2247; x_wconf 83' lang='lat' dir='ltr'>Francorum</span> <span class='ocrx_word' id='word_1_448' title='bbox 743 2223 892 2256; x_wconf 84' lang='lat' dir='ltr'>assumpsit</span> <span class='ocrx_word' id='word_1_449' title='bbox 913 2223 950 2248; x_wconf 87' lang='lat' dir='ltr'>ad</span> <span class='ocrx_word' id='word_1_450' title='bbox 971 2223 1095 2249; x_wconf 88' lang='lat' dir='ltr'>ordinem</span> 
     </span>
     <span class='ocr_line' id='line_1_38' title="bbox 33 2261 1095 2300; baseline 0.006 -13"><span class='ocrx_word' id='word_1_451' title='bbox 33 2263 67 2288; x_wconf 74' lang='lat' dir='ltr'>et</span> <span class='ocrx_word' id='word_1_452' title='bbox 84 2261 158 2296; x_wconf 79' lang='lat' dir='ltr'>dign.</span> <span class='ocrx_word' id='word_1_453' title='bbox 179 2262 282 2288; x_wconf 85' lang='lat' dir='ltr'>cardin.</span> <span class='ocrx_word' id='word_1_454' title='bbox 305 2262 472 2289; x_wconf 88' lang='lat' dir='ltr'>Guilelmum</span> <span class='ocrx_word' id='word_1_455' title='bbox 499 2264 661 2290; x_wconf 86' lang='lat' dir='ltr'>Maclovien.</span> <span class='ocrx_word' id='word_1_456' title='bbox 690 2265 858 2300; x_wconf 88' lang='lat' dir='ltr'>episcopum,</span> <span class='ocrx_word' id='word_1_457' title='bbox 887 2269 916 2292; x_wconf 89' lang='lat' dir='ltr'>et</span> <span class='ocrx_word' id='word_1_458' title='bbox 943 2267 1095 2293; x_wconf 84' lang='lat' dir='ltr'>successive</span> 
     </span>
     <span class='ocr_line' id='line_1_39' title="bbox 33 2306 1092 2345; baseline 0.005 -13"><span class='ocrx_word' id='word_1_459' title='bbox 33 2306 189 2340; x_wconf 65' lang='lat' dir='ltr'>assignavit</span> <span class='ocrx_word' id='word_1_460' title='bbox 211 2307 236 2332; x_wconf 87' lang='lat' dir='ltr'>ei</span> <span class='ocrx_word' id='word_1_461' title='bbox 259 2306 361 2341; x_wconf 87' lang='lat' dir='ltr'>pileum</span> <span class='ocrx_word' id='word_1_462' title='bbox 384 2310 414 2334; x_wconf 89' lang='lat' dir='ltr'>et</span> <span class='ocrx_word' id='word_1_463' title='bbox 436 2308 550 2334; x_wconf 87' lang='lat' dir='ltr'>titulum</span> <span class='ocrx_word' id='word_1_464' title='bbox 573 2309 629 2334; x_wconf 89' lang='lat' dir='ltr'>scil.</span> <span class='ocrx_word' id='word_1_465' title='bbox 654 2317 674 2335; x_wconf 90' lang='lat' dir='ltr'>s.</span> <span class='ocrx_word' id='word_1_466' title='bbox 700 2309 883 2336; x_wconf 82' lang='lat' dir='ltr'>Potentianae</span> <span class='ocrx_word' id='word_1_467' title='bbox 906 2311 994 2345; x_wconf 84' lang='lat' dir='ltr'>presb.</span> <span class='ocrx_word' id='word_1_468' title='bbox 1019 2311 1092 2337; x_wconf 88' lang='lat' dir='ltr'>card.</span> 
     </span>
     <span class='ocr_line' id='line_1_40' title="bbox 33 2348 573 2383; baseline 0.004 -7"><span class='ocrx_word' id='word_1_469' title='bbox 33 2348 238 2383; x_wconf 58' lang='lat' dir='ltr'>„Maclovienf‘</span> <span class='ocrx_word' id='word_1_470' title='bbox 257 2350 303 2377; x_wconf 91' lang='lat' dir='ltr'>AC</span> <span class='ocrx_word' id='word_1_471' title='bbox 317 2351 430 2378; x_wconf 82' lang='lat' dir='ltr'>Miscell.</span> <span class='ocrx_word' id='word_1_472' title='bbox 448 2352 493 2378; x_wconf 93' lang='lat' dir='ltr'>III</span> <span class='ocrx_word' id='word_1_473' title='bbox 509 2352 528 2378; x_wconf 82' lang='lat' dir='ltr'>f.</span> <span class='ocrx_word' id='word_1_474' title='bbox 549 2354 573 2378; x_wconf 91' lang='lat'>5.</span> 
     </span>
    </p>

    <p class='ocr_par' dir='ltr' id='par_1_22' title="bbox 8 2393 1094 2554">
     <span class='ocr_line' id='line_1_41' title="bbox 8 2393 1094 2430; baseline 0.006 -11"><span class='ocrx_word' id='word_1_475' title='bbox 8 2403 10 2406; x_wconf 63' lang='grc'>’</span> <span class='ocrx_word' id='word_1_476' title='bbox 106 2393 130 2427; x_wconf 75' lang='lat'>⁸)</span> <span class='ocrx_word' id='word_1_477' title='bbox 149 2393 165 2428; x_wconf 78' lang='lat'>†</span> <span class='ocrx_word' id='word_1_478' title='bbox 179 2395 248 2421; x_wconf 84' lang='lat'>1514</span> <span class='ocrx_word' id='word_1_479' title='bbox 259 2395 325 2421; x_wconf 89' lang='lat' dir='ltr'>Dec.</span> <span class='ocrx_word' id='word_1_480' title='bbox 342 2396 381 2422; x_wconf 84' lang='lat'>14.</span> <span class='ocrx_word' id='word_1_481' title='bbox 412 2396 465 2427; x_wconf 83' lang='lat' dir='ltr'>Qui</span> <span class='ocrx_word' id='word_1_482' title='bbox 477 2397 512 2422; x_wconf 87' lang='lat'>20</span> <span class='ocrx_word' id='word_1_483' title='bbox 524 2396 594 2430; x_wconf 86' lang='lat' dir='ltr'>Aug.</span> <span class='ocrx_word' id='word_1_484' title='bbox 610 2398 675 2423; x_wconf 89' lang='lat'>1501</span> <span class='ocrx_word' id='word_1_485' title='bbox 690 2406 763 2424; x_wconf 89' lang='lat' dir='ltr'>mon.</span> <span class='ocrx_word' id='word_1_486' title='bbox 778 2406 798 2424; x_wconf 85' lang='lat' dir='ltr'>s.</span> <span class='ocrx_word' id='word_1_487' title='bbox 815 2398 945 2424; x_wconf 86' lang='lat' dir='ltr'>Germani</span> <span class='ocrx_word' id='word_1_488' title='bbox 957 2399 991 2425; x_wconf 90' lang='lat' dir='ltr'>de</span> <span class='ocrx_word' id='word_1_489' title='bbox 1004 2400 1094 2426; x_wconf 87' lang='lat' dir='ltr'>Pratis</span> 
     </span>
     <span class='ocr_line' id='line_1_42' title="bbox 35 2436 1094 2474; baseline 0.005 -10"><span class='ocrx_word' id='word_1_490' title='bbox 35 2436 71 2464; x_wconf 84' lang='grc' dir='ltr'><em>Ο.</em></span> <span class='ocrx_word' id='word_1_491' title='bbox 92 2437 119 2464; x_wconf 80' lang='lat' dir='ltr'>S.</span> <span class='ocrx_word' id='word_1_492' title='bbox 138 2437 172 2464; x_wconf 88' lang='lat' dir='ltr'>B.</span> <span class='ocrx_word' id='word_1_493' title='bbox 191 2438 332 2470; x_wconf 60' lang='lat' dir='ltr'>Paneion,</span> <span class='ocrx_word' id='word_1_494' title='bbox 351 2440 427 2474; x_wconf 87' lang='lat' dir='ltr'>quod</span> <span class='ocrx_word' id='word_1_495' title='bbox 445 2441 469 2466; x_wconf 90' lang='lat' dir='ltr'>ei</span> <span class='ocrx_word' id='word_1_496' title='bbox 488 2441 545 2474; x_wconf 88' lang='lat' dir='ltr'>jam</span> <span class='ocrx_word' id='word_1_497' title='bbox 564 2442 599 2467; x_wconf 89' lang='lat'>30</span> <span class='ocrx_word' id='word_1_498' title='bbox 617 2441 682 2467; x_wconf 87' lang='lat' dir='ltr'>Maii</span> <span class='ocrx_word' id='word_1_499' title='bbox 703 2442 770 2468; x_wconf 85' lang='lat'>1496</span> <span class='ocrx_word' id='word_1_500' title='bbox 788 2446 959 2469; x_wconf 84' lang='lat' dir='ltr'>reservatum</span> <span class='ocrx_word' id='word_1_501' title='bbox 977 2446 1046 2474; x_wconf 87' lang='lat' dir='ltr'>erat,</span> <span class='ocrx_word' id='word_1_502' title='bbox 1065 2444 1094 2469; x_wconf 88' lang='lat' dir='ltr'>in</span> 
     </span>
     <span class='ocr_line' id='line_1_43' title="bbox 33 2481 1092 2521; baseline 0.006 -13"><span class='ocrx_word' id='word_1_503' title='bbox 33 2489 136 2508; x_wconf 73' lang='lat' dir='ltr'>comm.</span> <span class='ocrx_word' id='word_1_504' title='bbox 155 2481 285 2509; x_wconf 83' lang='lat' dir='ltr'>obtinuit.</span> <span class='ocrx_word' id='word_1_505' title='bbox 327 2483 381 2510; x_wconf 72' lang='lat' dir='ltr'>Cir.</span> <span class='ocrx_word' id='word_1_506' title='bbox 402 2484 448 2511; x_wconf 89' lang='lat' dir='ltr'>Ac</span> <span class='ocrx_word' id='word_1_507' title='bbox 467 2484 571 2511; x_wconf 86' lang='lat' dir='ltr'>Camer.</span> <span class='ocrx_word' id='word_1_508' title='bbox 592 2485 644 2511; x_wconf 82' lang='lat' dir='ltr'>If.</span> <span class='ocrx_word' id='word_1_509' title='bbox 665 2486 700 2511; x_wconf 89' lang='lat'>49</span> <span class='ocrx_word' id='word_1_510' title='bbox 719 2488 748 2512; x_wconf 87' lang='lat' dir='ltr'>et</span> <span class='ocrx_word' id='word_1_511' title='bbox 766 2487 813 2517; x_wconf 88' lang='grc'>98,</span> <span class='ocrx_word' id='word_1_512' title='bbox 842 2486 912 2521; x_wconf 87' lang='lat' dir='ltr'>App.</span> <span class='ocrx_word' id='word_1_513' title='bbox 933 2487 948 2513; x_wconf 97' lang='lat' dir='ltr'>I</span> <span class='ocrx_word' id='word_1_514' title='bbox 967 2495 1007 2513; x_wconf 78' lang='lat' dir='ltr'>m·-</span> <span class='ocrx_word' id='word_1_515' title='bbox 1028 2489 1092 2519; x_wconf 85' lang='lat'>575;</span> 
     </span>
     <span class='ocr_line' id='line_1_44' title="bbox 35 2524 416 2554; baseline 0.005 -2"><span class='ocrx_word' id='word_1_516' title='bbox 35 2524 85 2552; x_wconf 70' lang='lat' dir='ltr'>ub.</span> <span class='ocrx_word' id='word_1_517' title='bbox 105 2525 137 2552; x_wconf 92' lang='lat'>11</span> <span class='ocrx_word' id='word_1_518' title='bbox 157 2534 180 2552; x_wconf 89' lang='lat' dir='ltr'>s.</span> <span class='ocrx_word' id='word_1_519' title='bbox 202 2535 228 2553; x_wconf 90' lang='lat' dir='ltr'>v.</span> <span class='ocrx_word' id='word_1_520' title='bbox 251 2527 416 2554; x_wconf 83' lang='lat' dir='ltr'>Nemausen.</span> 
     </span>
    </p>

    <p class='ocr_par' dir='ltr' id='par_1_23' title="bbox 34 2568 1094 2829">
     <span class='ocr_line' id='line_1_45' title="bbox 106 2568 1093 2607; baseline 0.005 -11"><span class='ocrx_word' id='word_1_521' title='bbox 106 2568 130 2603; x_wconf 79' lang='lat'>⁸)</span> <span class='ocrx_word' id='word_1_522' title='bbox 148 2569 200 2596; x_wconf 86' lang='lat' dir='ltr'>Die</span> <span class='ocrx_word' id='word_1_523' title='bbox 217 2570 343 2598; x_wconf 83' lang='lat' dir='ltr'>Mercurii</span> <span class='ocrx_word' id='word_1_524' title='bbox 361 2572 393 2598; x_wconf 88' lang='grc'>21</span> <span class='ocrx_word' id='word_1_525' title='bbox 415 2573 479 2599; x_wconf 82' lang='lat' dir='ltr'>Jan.</span> <span class='ocrx_word' id='word_1_526' title='bbox 501 2574 568 2599; x_wconf 88' lang='lat'>1495</span> <span class='ocrx_word' id='word_1_527' title='bbox 589 2573 615 2600; x_wconf 89' lang='lat' dir='ltr'>S.</span> <span class='ocrx_word' id='word_1_528' title='bbox 636 2574 665 2599; x_wconf 92' lang='lat' dir='ltr'>P.</span> <span class='ocrx_word' id='word_1_529' title='bbox 686 2574 714 2599; x_wconf 89' lang='lat' dir='ltr'>in</span> <span class='ocrx_word' id='word_1_530' title='bbox 732 2583 782 2600; x_wconf 84' lang='lat' dir='ltr'>suo</span> <span class='ocrx_word' id='word_1_531' title='bbox 800 2575 961 2601; x_wconf 68' lang='lat' dir='ltr'>consistorio</span> <span class='ocrx_word' id='word_1_532' title='bbox 979 2578 1093 2607; x_wconf 78' lang='lat' dir='ltr'>secreto,</span> 
     </span>
     <span class='ocr_line' id='line_1_46' title="bbox 34 2614 1094 2652; baseline 0.006 -13"><span class='ocrx_word' id='word_1_533' title='bbox 34 2615 71 2639; x_wconf 72' lang='lat' dir='ltr'>-ut</span> <span class='ocrx_word' id='word_1_534' title='bbox 83 2614 166 2640; x_wconf 82' lang='lat' dir='ltr'>moris</span> <span class='ocrx_word' id='word_1_535' title='bbox 178 2617 230 2646; x_wconf 79' lang='lat' dir='ltr'>est,</span> <span class='ocrx_word' id='word_1_536' title='bbox 242 2615 271 2640; x_wconf 88' lang='lat' dir='ltr'>in</span> <span class='ocrx_word' id='word_1_537' title='bbox 283 2616 388 2649; x_wconf 75' lang='lat' dir='ltr'>palatio</span> <span class='ocrx_word' id='word_1_538' title='bbox 400 2620 490 2651; x_wconf 87' lang='lat' dir='ltr'>apost.</span> <span class='ocrx_word' id='word_1_539' title='bbox 504 2618 627 2643; x_wconf 75' lang='lat' dir='ltr'>instante</span> <span class='ocrx_word' id='word_1_540' title='bbox 640 2618 807 2644; x_wconf 82' lang='lat' dir='ltr'>Francorum</span> <span class='ocrx_word' id='word_1_541' title='bbox 821 2627 883 2652; x_wconf 88' lang='lat' dir='ltr'>rege</span> <span class='ocrx_word' id='word_1_542' title='bbox 896 2620 974 2651; x_wconf 87' lang='lat' dir='ltr'>(tunc</span> <span class='ocrx_word' id='word_1_543' title='bbox 988 2619 1094 2645; x_wconf 85' lang='lat' dir='ltr'>Romae</span> 
     </span>
     <span class='ocr_line' id='line_1_47' title="bbox 35 2658 1091 2697; baseline 0.005 -13"><span class='ocrx_word' id='word_1_544' title='bbox 35 2658 192 2692; x_wconf 71' lang='lat' dir='ltr'>praesente)</span> <span class='ocrx_word' id='word_1_545' title='bbox 214 2660 353 2693; x_wconf 79' lang='lat' dir='ltr'>promovit</span> <span class='ocrx_word' id='word_1_546' title='bbox 374 2663 404 2686; x_wconf 85' lang='lat' dir='ltr'>et</span> <span class='ocrx_word' id='word_1_547' title='bbox 425 2662 576 2695; x_wconf 87' lang='lat' dir='ltr'>assumpsit</span> <span class='ocrx_word' id='word_1_548' title='bbox 597 2662 634 2687; x_wconf 78' lang='lat' dir='ltr'>ad</span> <span class='ocrx_word' id='word_1_549' title='bbox 656 2662 780 2688; x_wconf 83' lang='lat' dir='ltr'>ordinem</span> <span class='ocrx_word' id='word_1_550' title='bbox 803 2666 832 2688; x_wconf 90' lang='lat' dir='ltr'>et</span> <span class='ocrx_word' id='word_1_551' title='bbox 858 2663 955 2697; x_wconf 81' lang='lat' dir='ltr'>dignit.</span> <span class='ocrx_word' id='word_1_552' title='bbox 988 2663 1091 2689; x_wconf 86' lang='lat' dir='ltr'>cardin.</span> 
     </span>
     <span class='ocr_line' id='line_1_48' title="bbox 36 2701 1094 2741; baseline 0.006 -14"><span class='ocrx_word' id='word_1_553' title='bbox 36 2701 196 2736; x_wconf 85' lang='lat' dir='ltr'>Philippum</span> <span class='ocrx_word' id='word_1_554' title='bbox 216 2702 398 2730; x_wconf 84' lang='lat' dir='ltr'>Ocnomanen.</span> <span class='ocrx_word' id='word_1_555' title='bbox 420 2705 588 2739; x_wconf 84' lang='lat' dir='ltr'>episcopum,</span> <span class='ocrx_word' id='word_1_556' title='bbox 610 2706 654 2731; x_wconf 89' lang='lat' dir='ltr'>cui</span> <span class='ocrx_word' id='word_1_557' title='bbox 674 2707 826 2732; x_wconf 85' lang='lat' dir='ltr'>successive</span> <span class='ocrx_word' id='word_1_558' title='bbox 847 2707 922 2733; x_wconf 87' lang='lat' dir='ltr'>misit</span> <span class='ocrx_word' id='word_1_559' title='bbox 943 2707 1044 2741; x_wconf 88' lang='lat' dir='ltr'>pileum</span> <span class='ocrx_word' id='word_1_560' title='bbox 1065 2711 1094 2733; x_wconf 89' lang='lat' dir='ltr'>et</span> 
     </span>
     <span class='ocr_line' id='line_1_49' title="bbox 34 2745 1093 2784; baseline 0.007 -13"><span class='ocrx_word' id='word_1_561' title='bbox 34 2745 160 2777; x_wconf 69' lang='lat' dir='ltr'>tit-ulum,</span> <span class='ocrx_word' id='word_1_562' title='bbox 183 2746 264 2773; x_wconf 84' lang='lat' dir='ltr'>videl.</span> <span class='ocrx_word' id='word_1_563' title='bbox 287 2755 322 2774; x_wconf 85' lang='lat' dir='ltr'>ss.</span> <span class='ocrx_word' id='word_1_564' title='bbox 346 2748 422 2775; x_wconf 84' lang='lat' dir='ltr'>Petri</span> <span class='ocrx_word' id='word_1_565' title='bbox 443 2752 472 2775; x_wconf 85' lang='lat' dir='ltr'>et</span> <span class='ocrx_word' id='word_1_566' title='bbox 492 2749 652 2781; x_wconf 79' lang='lat' dir='ltr'>Marcellini,</span> <span class='ocrx_word' id='word_1_567' title='bbox 675 2751 723 2784; x_wconf 85' lang='lat' dir='ltr'>qui</span> <span class='ocrx_word' id='word_1_568' title='bbox 745 2751 819 2777; x_wconf 85' lang='lat' dir='ltr'>card.</span> <span class='ocrx_word' id='word_1_569' title='bbox 844 2751 1093 2782; x_wconf 59' lang='lat' dir='ltr'>„Cenomanensw‘</span> 
     </span>
     <span class='ocr_line' id='line_1_50' title="bbox 39 2791 963 2829; baseline 0.008 -14"><span class='ocrx_word' id='word_1_570' title='bbox 39 2793 219 2824; x_wconf 74' lang='lat' dir='ltr'>nuncupatur</span> <span class='ocrx_word' id='word_1_571' title='bbox 239 2791 297 2823; x_wconf 87' lang='lat' dir='ltr'>(Ac</span> <span class='ocrx_word' id='word_1_572' title='bbox 315 2791 427 2819; x_wconf 79' lang='lat' dir='ltr'>Miscell.</span> <span class='ocrx_word' id='word_1_573' title='bbox 449 2793 495 2819; x_wconf 92' lang='lat'>111</span> <span class='ocrx_word' id='word_1_574' title='bbox 516 2793 535 2820; x_wconf 78' lang='lat' dir='ltr'>f.</span> <span class='ocrx_word' id='word_1_575' title='bbox 558 2794 594 2826; x_wconf 88' lang='lat'>5).</span> <span class='ocrx_word' id='word_1_576' title='bbox 636 2794 690 2821; x_wconf 76' lang='lat' dir='ltr'>Cir.</span> <span class='ocrx_word' id='word_1_577' title='bbox 713 2794 784 2829; x_wconf 90' lang='lat' dir='ltr'>App.</span> <span class='ocrx_word' id='word_1_578' title='bbox 807 2795 820 2820; x_wconf 96' lang='lat' dir='ltr'>I</span> <span class='ocrx_word' id='word_1_579' title='bbox 842 2804 882 2822; x_wconf 88' lang='lat' dir='ltr'>nr.</span> <span class='ocrx_word' id='word_1_580' title='bbox 905 2796 963 2823; x_wconf 89' lang='grc'><em>573.</em></span> 
     </span>
    </p>

    <p class='ocr_par' dir='ltr' id='par_1_24' title="bbox 105 2833 1092 2872">
     <span class='ocr_line' id='line_1_51' title="bbox 105 2833 1092 2872; baseline 0.006 -12"><span class='ocrx_word' id='word_1_581' title='bbox 105 2833 128 2866; x_wconf 89' lang='lat'>⁷)</span> <span class='ocrx_word' id='word_1_582' title='bbox 147 2834 180 2860; x_wconf 87' lang='lat' dir='ltr'>A.</span> <span class='ocrx_word' id='word_1_583' title='bbox 202 2835 270 2862; x_wconf 87' lang='grc'><em>1496</em></span> <span class='ocrx_word' id='word_1_584' title='bbox 286 2835 331 2862; x_wconf 82' lang='grc'><em>(110</em></span> <span class='ocrx_word' id='word_1_585' title='bbox 348 2836 461 2863; x_wconf 85' lang='lat' dir='ltr'>Veneris</span> <span class='ocrx_word' id='word_1_586' title='bbox 478 2838 513 2864; x_wconf 88' lang='grc'>29</span> <span class='ocrx_word' id='word_1_587' title='bbox 531 2837 611 2872; x_wconf 66' lang='lat' dir='ltr'>stege:</span> <span class='ocrx_word' id='word_1_588' title='bbox 633 2839 676 2871; x_wconf 89' lang='lat'>19)</span> <span class='ocrx_word' id='word_1_589' title='bbox 695 2839 774 2865; x_wconf 83' lang='lat' dir='ltr'>Febr.</span> <span class='ocrx_word' id='word_1_590' title='bbox 797 2839 823 2865; x_wconf 89' lang='lat' dir='ltr'>S.</span> <span class='ocrx_word' id='word_1_591' title='bbox 843 2839 872 2865; x_wconf 91' lang='lat' dir='ltr'>P.</span> <span class='ocrx_word' id='word_1_592' title='bbox 893 2840 921 2865; x_wconf 88' lang='lat' dir='ltr'>in</span> <span class='ocrx_word' id='word_1_593' title='bbox 939 2848 989 2866; x_wconf 88' lang='lat' dir='ltr'>suo</span> <span class='ocrx_word' id='word_1_594' title='bbox 1006 2841 1092 2866; x_wconf 86' lang='lat' dir='ltr'>consi·</span> 
     </span>
    </p>

    <p class='ocr_par' dir='ltr' id='par_1_25' title="bbox 0 2878 1093 2919">
     <span class='ocr_line' id='line_1_52' title="bbox 0 2878 1093 2919; baseline 0.007 -16"><span class='ocrx_word' id='word_1_595' title='bbox 0 2896 10 2919; x_wconf 45' lang='grc' dir='ltr'>ζ</span> <span class='ocrx_word' id='word_1_596' title='bbox 31 2878 121 2904; x_wconf 64' lang='lat' dir='ltr'>utorio</span> <span class='ocrx_word' id='word_1_597' title='bbox 131 2881 237 2905; x_wconf 84' lang='lat' dir='ltr'>secreto</span> <span class='ocrx_word' id='word_1_598' title='bbox 247 2879 323 2913; x_wconf 88' lang='lat' dir='ltr'>apud</span> <span class='ocrx_word' id='word_1_599' title='bbox 334 2888 355 2906; x_wconf 90' lang='lat' dir='ltr'>s.</span> <span class='ocrx_word' id='word_1_600' title='bbox 368 2880 482 2907; x_wconf 78' lang='lat' dir='ltr'>Petrum</span> <span class='ocrx_word' id='word_1_601' title='bbox 492 2882 521 2907; x_wconf 87' lang='lat' dir='ltr'>in</span> <span class='ocrx_word' id='word_1_602' title='bbox 533 2882 637 2916; x_wconf 86' lang='lat' dir='ltr'>palatio</span> <span class='ocrx_word' id='word_1_603' title='bbox 649 2886 738 2917; x_wconf 83' lang='lat' dir='ltr'>apost.</span> <span class='ocrx_word' id='word_1_604' title='bbox 751 2884 900 2917; x_wconf 85' lang='lat' dir='ltr'>assumpsit</span> <span class='ocrx_word' id='word_1_605' title='bbox 918 2884 953 2910; x_wconf 87' lang='lat' dir='ltr'>ad</span> <span class='ocrx_word' id='word_1_606' title='bbox 969 2884 1093 2910; x_wconf 89' lang='lat' dir='ltr'>ordinem</span> 
     </span>
    </p>

    <p class='ocr_par' dir='ltr' id='par_1_26' title="bbox 0 2921 718 3122">
     <span class='ocr_line' id='line_1_53' title="bbox 0 2921 718 3122; baseline 0.008 -175"><span class='ocrx_word' id='word_1_607' title='bbox 0 2923 66 3122; x_wconf 58' lang='grc' dir='ltr'>ἑά,</span> <span class='ocrx_word' id='word_1_608' title='bbox 86 2921 160 2957; x_wconf 77' lang='lat' dir='ltr'>dign.</span> <span class='ocrx_word' id='word_1_609' title='bbox 185 2923 287 2950; x_wconf 82' lang='lat' dir='ltr'>cardi-n.</span> <span class='ocrx_word' id='word_1_610' title='bbox 310 2924 500 2959; x_wconf 56' lang='grc' dir='ltr'>Μασούριος</span> <span class='ocrx_word' id='word_1_611' title='bbox 521 2925 658 2958; x_wconf 86' lang='lat' dir='ltr'>dominos,</span> <span class='ocrx_word' id='word_1_612' title='bbox 681 2935 718 2953; x_wconf 87' lang='lat' dir='ltr'>sc.</span> 
     </span>
    </p>
   </div>
   <div class='ocr_carea' id='block_1_16' title="bbox 1145 2303 1148 2416">
    <p class='ocr_par' dir='ltr' id='par_1_27' title="bbox 1145 2303 1148 2416">
     <span class='ocr_line' id='line_1_54' title="bbox 1145 2303 1148 2416; baseline 0 0"><span class='ocrx_word' id='word_1_613' title='bbox 1145 2303 1148 2416; x_wconf 80' lang='grc'>1</span> 
     </span>
    </p>
   </div>
   <div class='ocr_carea' id='block_1_17' title="bbox 1201 1607 2256 1860">
    <p class='ocr_par' dir='ltr' id='par_1_28' title="bbox 1201 1607 2256 1860">
     <span class='ocr_line' id='line_1_55' title="bbox 1311 1607 1669 1641; baseline 0 -8"><span class='ocrx_word' id='word_1_614' title='bbox 1311 1607 1450 1633; x_wconf 85' lang='lat' dir='ltr'>Joannem</span> <span class='ocrx_word' id='word_1_615' title='bbox 1473 1616 1515 1641; x_wconf 88' lang='lat' dir='ltr'>ep.</span> <span class='ocrx_word' id='word_1_616' title='bbox 1537 1608 1669 1638; x_wconf 84' lang='lat' dir='ltr'>Perusin.,</span> 
     </span>
     <span class='ocr_line' id='line_1_56' title="bbox 1308 1651 2222 1687; baseline 0.003 -10"><span class='ocrx_word' id='word_1_617' title='bbox 1308 1651 1553 1677; x_wconf 87' lang='lat' dir='ltr'>Bartholomaeum</span> <span class='ocrx_word' id='word_1_618' title='bbox 1571 1660 1613 1685; x_wconf 89' lang='lat' dir='ltr'>ep.</span> <span class='ocrx_word' id='word_1_619' title='bbox 1635 1652 1816 1686; x_wconf 66' lang='lat' dir='ltr'>Segobricen„</span> <span class='ocrx_word' id='word_1_620' title='bbox 1836 1661 1916 1678; x_wconf 91' lang='lat' dir='ltr'>suum</span> <span class='ocrx_word' id='word_1_621' title='bbox 1935 1654 2097 1687; x_wconf 86' lang='lat' dir='ltr'>magistrum</span> <span class='ocrx_word' id='word_1_622' title='bbox 2115 1654 2222 1685; x_wconf 84' lang='lat' dir='ltr'>domus,</span> 
     </span>
     <span class='ocr_line' id='line_1_57' title="bbox 1309 1696 2187 1731; baseline 0.003 -10"><span class='ocrx_word' id='word_1_623' title='bbox 1309 1696 1447 1722; x_wconf 82' lang='lat' dir='ltr'>Joannem</span> <span class='ocrx_word' id='word_1_624' title='bbox 1470 1705 1512 1730; x_wconf 90' lang='lat' dir='ltr'>ep.</span> <span class='ocrx_word' id='word_1_625' title='bbox 1537 1696 1717 1730; x_wconf 69' lang='lat' dir='ltr'>Agrigentin„</span> <span class='ocrx_word' id='word_1_626' title='bbox 1741 1697 1810 1722; x_wconf 87' lang='lat' dir='ltr'>arcis</span> <span class='ocrx_word' id='word_1_627' title='bbox 1833 1705 1853 1722; x_wconf 92' lang='lat' dir='ltr'>s.</span> <span class='ocrx_word' id='word_1_628' title='bbox 1878 1697 1975 1731; x_wconf 89' lang='lat' dir='ltr'>Angeli</span> <span class='ocrx_word' id='word_1_629' title='bbox 1998 1698 2187 1729; x_wconf 84' lang='lat' dir='ltr'>castellanum,</span> 
     </span>
     <span class='ocr_line' id='line_1_58' title="bbox 1309 1740 2024 1775; baseline 0.003 -10"><span class='ocrx_word' id='word_1_630' title='bbox 1309 1740 1447 1766; x_wconf 85' lang='lat' dir='ltr'>Joannem</span> <span class='ocrx_word' id='word_1_631' title='bbox 1469 1749 1511 1774; x_wconf 87' lang='lat' dir='ltr'>ep.</span> <span class='ocrx_word' id='word_1_632' title='bbox 1535 1740 1665 1771; x_wconf 76' lang='lat' dir='ltr'>Melfien..</span> <span class='ocrx_word' id='word_1_633' title='bbox 1688 1740 1759 1766; x_wconf 86' lang='lat' dir='ltr'>sedis</span> <span class='ocrx_word' id='word_1_634' title='bbox 1782 1744 1870 1774; x_wconf 90' lang='lat' dir='ltr'>apost.</span> <span class='ocrx_word' id='word_1_635' title='bbox 1894 1741 2024 1775; x_wconf 85' lang='lat' dir='ltr'>legatum.</span> 
     </span>
     <span class='ocr_line' id='line_1_59' title="bbox 1202 1783 2256 1819; baseline 0.003 -10"><span class='ocrx_word' id='word_1_636' title='bbox 1202 1783 1359 1817; x_wconf 84' lang='lat' dir='ltr'>Assignatio</span> <span class='ocrx_word' id='word_1_637' title='bbox 1382 1784 1516 1818; x_wconf 85' lang='lat' dir='ltr'>pileorum</span> <span class='ocrx_word' id='word_1_638' title='bbox 1534 1785 1579 1816; x_wconf 88' lang='grc'><em>(24</em></span> <span class='ocrx_word' id='word_1_639' title='bbox 1595 1784 1686 1816; x_wconf 80' lang='lat' dir='ltr'>Febr.)</span> <span class='ocrx_word' id='word_1_640' title='bbox 1702 1787 1731 1810; x_wconf 87' lang='lat' dir='ltr'>et</span> <span class='ocrx_word' id='word_1_641' title='bbox 1747 1785 1899 1810; x_wconf 84' lang='lat' dir='ltr'>titulorum.</span> <span class='ocrx_word' id='word_1_642' title='bbox 1914 1785 2037 1819; x_wconf 89' lang='lat' dir='ltr'>Aperitio</span> <span class='ocrx_word' id='word_1_643' title='bbox 2049 1787 2103 1811; x_wconf 84' lang='lat' dir='ltr'>oris</span> <span class='ocrx_word' id='word_1_644' title='bbox 2115 1787 2142 1818; x_wconf 88' lang='lat'>(9</span> <span class='ocrx_word' id='word_1_645' title='bbox 2154 1786 2256 1818; x_wconf 89' lang='lat' dir='ltr'>Mart.).</span> 
     </span>
     <span class='ocr_line' id='line_1_60' title="bbox 1201 1827 2256 1860; baseline 0.003 -7"><span class='ocrx_word' id='word_1_646' title='bbox 1201 1827 1248 1854; x_wconf 87' lang='lat' dir='ltr'>Ac</span> <span class='ocrx_word' id='word_1_647' title='bbox 1266 1828 1376 1855; x_wconf 83' lang='lat' dir='ltr'>Miscell.</span> <span class='ocrx_word' id='word_1_648' title='bbox 1398 1828 1444 1854; x_wconf 93' lang='lat' dir='ltr'>III</span> <span class='ocrx_word' id='word_1_649' title='bbox 1463 1828 1482 1854; x_wconf 81' lang='lat' dir='ltr'>f.</span> <span class='ocrx_word' id='word_1_650' title='bbox 1501 1830 1525 1854; x_wconf 90' lang='lat'>8.</span> <span class='ocrx_word' id='word_1_651' title='bbox 1559 1828 1612 1854; x_wconf 86' lang='lat' dir='ltr'>Cfr.</span> <span class='ocrx_word' id='word_1_652' title='bbox 1631 1828 1731 1854; x_wconf 89' lang='lat' dir='ltr'>Burch.</span> <span class='ocrx_word' id='word_1_653' title='bbox 1750 1829 1824 1854; x_wconf 89' lang='lat' dir='ltr'>Diar.</span> <span class='ocrx_word' id='word_1_654' title='bbox 1839 1829 1885 1855; x_wconf 79' lang='lat' dir='ltr'>ed.</span> <span class='ocrx_word' id='word_1_655' title='bbox 1907 1829 2032 1855; x_wconf 70' lang='lat' dir='ltr'>Thuasne</span> <span class='ocrx_word' id='word_1_656' title='bbox 2051 1830 2089 1860; x_wconf 92' lang='lat' dir='ltr'>II,</span> <span class='ocrx_word' id='word_1_657' title='bbox 2109 1831 2256 1857; x_wconf 83' lang='lat'>264—268.</span> 
     </span>
    </p>
   </div>
   <div class='ocr_carea' id='block_1_18' title="bbox 1202 1880 2258 2003">
    <p class='ocr_par' dir='ltr' id='par_1_29' title="bbox 1202 1880 2258 2003">
     <span class='ocr_line' id='line_1_61' title="bbox 1272 1880 2258 1916; baseline 0.003 -10"><span class='ocrx_word' id='word_1_658' title='bbox 1272 1880 1294 1913; x_wconf 83' lang='lat'>⁸)</span> <span class='ocrx_word' id='word_1_659' title='bbox 1318 1881 1371 1912; x_wconf 84' lang='lat' dir='ltr'>Qui</span> <span class='ocrx_word' id='word_1_660' title='bbox 1394 1882 1406 1907; x_wconf 91' lang='lat'>1</span> <span class='ocrx_word' id='word_1_661' title='bbox 1429 1881 1494 1915; x_wconf 89' lang='lat' dir='ltr'>Apr.</span> <span class='ocrx_word' id='word_1_662' title='bbox 1520 1882 1587 1907; x_wconf 87' lang='lat'>1500</span> <span class='ocrx_word' id='word_1_663' title='bbox 1608 1881 1799 1907; x_wconf 86' lang='lat' dir='ltr'>commendam</span> <span class='ocrx_word' id='word_1_664' title='bbox 1821 1891 1894 1908; x_wconf 90' lang='lat' dir='ltr'>mon.</span> <span class='ocrx_word' id='word_1_665' title='bbox 1917 1891 1937 1908; x_wconf 90' lang='lat' dir='ltr'>s.</span> <span class='ocrx_word' id='word_1_666' title='bbox 1960 1882 2148 1916; x_wconf 86' lang='lat' dir='ltr'>Christophori</span> <span class='ocrx_word' id='word_1_667' title='bbox 2169 1884 2258 1909; x_wconf 85' lang='lat' dir='ltr'>Oastri</span> 
     </span>
     <span class='ocr_line' id='line_1_62' title="bbox 1202 1925 2255 1954; baseline 0.003 -4"><span class='ocrx_word' id='word_1_668' title='bbox 1202 1925 1332 1951; x_wconf 80' lang='lat' dir='ltr'>Dur-antii</span> <span class='ocrx_word' id='word_1_669' title='bbox 1347 1925 1412 1951; x_wconf 91' lang='lat' dir='ltr'>null.</span> <span class='ocrx_word' id='word_1_670' title='bbox 1428 1925 1513 1951; x_wconf 88' lang='lat' dir='ltr'>dioec.</span> <span class='ocrx_word' id='word_1_671' title='bbox 1530 1929 1559 1951; x_wconf 90' lang='lat' dir='ltr'>et</span> <span class='ocrx_word' id='word_1_672' title='bbox 1575 1926 1607 1951; x_wconf 91' lang='lat'>13</span> <span class='ocrx_word' id='word_1_673' title='bbox 1622 1926 1693 1952; x_wconf 91' lang='lat' dir='ltr'>Nov.</span> <span class='ocrx_word' id='word_1_674' title='bbox 1711 1926 1779 1952; x_wconf 87' lang='lat'>1500</span> <span class='ocrx_word' id='word_1_675' title='bbox 1793 1934 1891 1952; x_wconf 85' lang='lat' dir='ltr'>comm.</span> <span class='ocrx_word' id='word_1_676' title='bbox 1908 1935 1981 1952; x_wconf 88' lang='lat' dir='ltr'>mon.</span> <span class='ocrx_word' id='word_1_677' title='bbox 1998 1935 2018 1952; x_wconf 88' lang='lat' dir='ltr'>s.</span> <span class='ocrx_word' id='word_1_678' title='bbox 2035 1927 2110 1953; x_wconf 88' lang='lat' dir='ltr'>Petri</span> <span class='ocrx_word' id='word_1_679' title='bbox 2124 1927 2255 1954; x_wconf 88' lang='lat' dir='ltr'>Viennen.</span> 
     </span>
     <span class='ocr_line' id='line_1_63' title="bbox 1202 1969 1781 2003; baseline 0.003 -9"><span class='ocrx_word' id='word_1_680' title='bbox 1202 1969 1323 2003; x_wconf 87' lang='lat' dir='ltr'>resignat</span> <span class='ocrx_word' id='word_1_681' title='bbox 1360 1969 1418 2002; x_wconf 82' lang='lat' dir='ltr'>(AC</span> <span class='ocrx_word' id='word_1_682' title='bbox 1428 1970 1532 1996; x_wconf 87' lang='lat' dir='ltr'>Camer.</span> <span class='ocrx_word' id='word_1_683' title='bbox 1554 1970 1568 1996; x_wconf 88' lang='grc' dir='ltr'>Ι</span> <span class='ocrx_word' id='word_1_684' title='bbox 1587 1970 1606 1995; x_wconf 84' lang='lat' dir='ltr'>f.</span> <span class='ocrx_word' id='word_1_685' title='bbox 1627 1971 1661 1996; x_wconf 89' lang='lat'>83</span> <span class='ocrx_word' id='word_1_686' title='bbox 1680 1973 1709 1995; x_wconf 86' lang='lat' dir='ltr'>et</span> <span class='ocrx_word' id='word_1_687' title='bbox 1728 1970 1781 2002; x_wconf 83' lang='lat'>89).</span> 
     </span>
    </p>
   </div>
   <div class='ocr_carea' id='block_1_19' title="bbox 1200 2022 2258 2143">
    <p class='ocr_par' dir='ltr' id='par_1_30' title="bbox 1200 2022 2258 2143">
     <span class='ocr_line' id='line_1_64' title="bbox 1272 2022 2258 2059; baseline 0.003 -11"><span class='ocrx_word' id='word_1_688' title='bbox 1272 2022 1293 2054; x_wconf 80' lang='lat'>⁹)</span> <span class='ocrx_word' id='word_1_689' title='bbox 1313 2023 1365 2048; x_wconf 89' lang='lat' dir='ltr'>Die</span> <span class='ocrx_word' id='word_1_690' title='bbox 1389 2024 1406 2048; x_wconf 89' lang='lat'>4</span> <span class='ocrx_word' id='word_1_691' title='bbox 1428 2023 1495 2048; x_wconf 89' lang='lat' dir='ltr'>Maii</span> <span class='ocrx_word' id='word_1_692' title='bbox 1521 2024 1589 2049; x_wconf 89' lang='grc'><em>1500</em></span> <span class='ocrx_word' id='word_1_693' title='bbox 1613 2031 1685 2049; x_wconf 89' lang='lat' dir='ltr'>mon.</span> <span class='ocrx_word' id='word_1_694' title='bbox 1711 2022 1888 2049; x_wconf 86' lang='lat' dir='ltr'>Ambroniaci</span> <span class='ocrx_word' id='word_1_695' title='bbox 1911 2024 1996 2050; x_wconf 88' lang='lat' dir='ltr'>dioec.</span> <span class='ocrx_word' id='word_1_696' title='bbox 2023 2024 2183 2058; x_wconf 84' lang='lat' dir='ltr'>Lugdunen.</span> <span class='ocrx_word' id='word_1_697' title='bbox 2210 2033 2258 2059; x_wconf 83' lang='lat' dir='ltr'>per</span> 
     </span>
     <span class='ocr_line' id='line_1_65' title="bbox 1200 2066 2258 2101; baseline 0.002 -9"><span class='ocrx_word' id='word_1_698' title='bbox 1200 2066 1272 2092; x_wconf 88' lang='lat' dir='ltr'>illius</span> <span class='ocrx_word' id='word_1_699' title='bbox 1289 2067 1362 2092; x_wconf 91' lang='lat' dir='ltr'>card.</span> <span class='ocrx_word' id='word_1_700' title='bbox 1380 2067 1423 2093; x_wconf 93' lang='lat' dir='ltr'>ob.</span> <span class='ocrx_word' id='word_1_701' title='bbox 1441 2075 1544 2093; x_wconf 84' lang='lat' dir='ltr'>vacans</span> <span class='ocrx_word' id='word_1_702' title='bbox 1560 2067 1675 2093; x_wconf 85' lang='lat' dir='ltr'>Claudio</span> <span class='ocrx_word' id='word_1_703' title='bbox 1690 2075 1732 2101; x_wconf 90' lang='lat' dir='ltr'>ep.</span> <span class='ocrx_word' id='word_1_704' title='bbox 1750 2067 1919 2093; x_wconf 78' lang='lat' dir='ltr'>Maur-ianen.</span> <span class='ocrx_word' id='word_1_705' title='bbox 1937 2069 1965 2094; x_wconf 90' lang='lat' dir='ltr'>in</span> <span class='ocrx_word' id='word_1_706' title='bbox 1982 2077 2079 2094; x_wconf 90' lang='lat' dir='ltr'>comm.</span> <span class='ocrx_word' id='word_1_707' title='bbox 2098 2068 2258 2094; x_wconf 87' lang='lat' dir='ltr'>conceditur</span> 
     </span>
     <span class='ocr_line' id='line_1_66' title="bbox 1202 2110 1385 2143; baseline 0.005 -7"><span class='ocrx_word' id='word_1_708' title='bbox 1202 2110 1229 2142; x_wconf 91' lang='lat' dir='ltr'>(l.</span> <span class='ocrx_word' id='word_1_709' title='bbox 1250 2119 1272 2136; x_wconf 93' lang='lat' dir='ltr'>c.</span> <span class='ocrx_word' id='word_1_710' title='bbox 1292 2110 1311 2136; x_wconf 79' lang='lat' dir='ltr'>f.</span> <span class='ocrx_word' id='word_1_711' title='bbox 1332 2112 1385 2143; x_wconf 86' lang='lat'>85).</span> 
     </span>
    </p>
   </div>
   <div class='ocr_carea' id='block_1_20' title="bbox 1272 2163 1953 2198">
    <p class='ocr_par' dir='ltr' id='par_1_31' title="bbox 1272 2163 1953 2198">
     <span class='ocr_line' id='line_1_67' title="bbox 1272 2163 1953 2198; baseline 0.001 -9"><span class='ocrx_word' id='word_1_712' title='bbox 1272 2163 1305 2195; x_wconf 88' lang='lat'>¹⁰)</span> <span class='ocrx_word' id='word_1_713' title='bbox 1325 2164 1362 2189; x_wconf 90' lang='lat' dir='ltr'>Et</span> <span class='ocrx_word' id='word_1_714' title='bbox 1384 2165 1454 2189; x_wconf 85' lang='lat' dir='ltr'>arcis</span> <span class='ocrx_word' id='word_1_715' title='bbox 1475 2172 1496 2190; x_wconf 89' lang='lat' dir='ltr'>s.</span> <span class='ocrx_word' id='word_1_716' title='bbox 1520 2164 1616 2198; x_wconf 86' lang='lat' dir='ltr'>Angeli</span> <span class='ocrx_word' id='word_1_717' title='bbox 1638 2164 1672 2190; x_wconf 89' lang='lat' dir='ltr'>de</span> <span class='ocrx_word' id='word_1_718' title='bbox 1694 2164 1769 2190; x_wconf 90' lang='lat' dir='ltr'>Urbe</span> <span class='ocrx_word' id='word_1_719' title='bbox 1791 2165 1953 2198; x_wconf 76' lang='lat' dir='ltr'>praefectus.</span> 
     </span>
    </p>
   </div>
   <div class='ocr_carea' id='block_1_21' title="bbox 1200 2216 2257 2379">
    <p class='ocr_par' dir='ltr' id='par_1_32' title="bbox 1200 2216 2257 2379">
     <span class='ocr_line' id='line_1_68' title="bbox 1272 2216 2257 2253; baseline 0.002 -11"><span class='ocrx_word' id='word_1_720' title='bbox 1272 2216 1305 2248; x_wconf 86' lang='lat'>¹¹)</span> <span class='ocrx_word' id='word_1_721' title='bbox 1324 2217 1376 2242; x_wconf 92' lang='lat' dir='ltr'>Die</span> <span class='ocrx_word' id='word_1_722' title='bbox 1396 2218 1430 2242; x_wconf 85' lang='lat'>24</span> <span class='ocrx_word' id='word_1_723' title='bbox 1451 2217 1515 2243; x_wconf 85' lang='lat' dir='ltr'>Jan.</span> <span class='ocrx_word' id='word_1_724' title='bbox 1540 2218 1607 2243; x_wconf 87' lang='lat'>1500</span> <span class='ocrx_word' id='word_1_725' title='bbox 1627 2225 1700 2243; x_wconf 89' lang='lat' dir='ltr'>mon.</span> <span class='ocrx_word' id='word_1_726' title='bbox 1722 2226 1742 2243; x_wconf 93' lang='lat' dir='ltr'>s.</span> <span class='ocrx_word' id='word_1_727' title='bbox 1764 2218 1867 2244; x_wconf 83' lang='lat' dir='ltr'>Mariae</span> <span class='ocrx_word' id='word_1_728' title='bbox 1887 2218 1921 2244; x_wconf 88' lang='lat' dir='ltr'>de</span> <span class='ocrx_word' id='word_1_729' title='bbox 1942 2218 2108 2244; x_wconf 82' lang='lat' dir='ltr'>Paterniano</span> <span class='ocrx_word' id='word_1_730' title='bbox 2128 2227 2186 2245; x_wconf 86' lang='lat' dir='ltr'>vac.</span> <span class='ocrx_word' id='word_1_731' title='bbox 2209 2228 2257 2253; x_wconf 87' lang='lat' dir='ltr'>per</span> 
     </span>
     <span class='ocr_line' id='line_1_69' title="bbox 1200 2260 2257 2295; baseline 0.003 -9"><span class='ocrx_word' id='word_1_732' title='bbox 1200 2260 1272 2286; x_wconf 86' lang='lat' dir='ltr'>illius</span> <span class='ocrx_word' id='word_1_733' title='bbox 1291 2261 1364 2286; x_wconf 86' lang='lat' dir='ltr'>card.</span> <span class='ocrx_word' id='word_1_734' title='bbox 1386 2261 1429 2287; x_wconf 91' lang='lat' dir='ltr'>ob.</span> <span class='ocrx_word' id='word_1_735' title='bbox 1450 2261 1563 2295; x_wconf 83' lang='lat' dir='ltr'>Caspari</span> <span class='ocrx_word' id='word_1_736' title='bbox 1581 2261 1616 2287; x_wconf 92' lang='lat' dir='ltr'>de</span> <span class='ocrx_word' id='word_1_737' title='bbox 1635 2262 1694 2287; x_wconf 91' lang='lat' dir='ltr'>Pau</span> <span class='ocrx_word' id='word_1_738' title='bbox 1714 2270 1773 2287; x_wconf 87' lang='lat' dir='ltr'>can.</span> <span class='ocrx_word' id='word_1_739' title='bbox 1794 2262 1910 2288; x_wconf 87' lang='lat' dir='ltr'>Ilerden.</span> <span class='ocrx_word' id='word_1_740' title='bbox 1931 2263 1960 2288; x_wconf 92' lang='lat' dir='ltr'>in</span> <span class='ocrx_word' id='word_1_741' title='bbox 1979 2271 2077 2288; x_wconf 91' lang='lat' dir='ltr'>comm.</span> <span class='ocrx_word' id='word_1_742' title='bbox 2098 2263 2257 2289; x_wconf 83' lang='lat' dir='ltr'>conceditur</span> 
     </span>
     <span class='ocr_line' id='line_1_70' title="bbox 1201 2304 2255 2339; baseline 0.003 -9"><span class='ocrx_word' id='word_1_743' title='bbox 1201 2304 1228 2336; x_wconf 92' lang='lat' dir='ltr'>(l.</span> <span class='ocrx_word' id='word_1_744' title='bbox 1246 2313 1268 2330; x_wconf 88' lang='lat' dir='ltr'>e.</span> <span class='ocrx_word' id='word_1_745' title='bbox 1286 2305 1304 2330; x_wconf 81' lang='lat' dir='ltr'>f.</span> <span class='ocrx_word' id='word_1_746' title='bbox 1323 2306 1376 2337; x_wconf 89' lang='grc'><em>81).</em></span> <span class='ocrx_word' id='word_1_747' title='bbox 1408 2305 1462 2331; x_wconf 80' lang='lat' dir='ltr'>cfr.</span> <span class='ocrx_word' id='word_1_748' title='bbox 1480 2305 1550 2339; x_wconf 87' lang='lat' dir='ltr'>App.</span> <span class='ocrx_word' id='word_1_749' title='bbox 1568 2305 1583 2331; x_wconf 96' lang='lat' dir='ltr'>I</span> <span class='ocrx_word' id='word_1_750' title='bbox 1598 2314 1639 2331; x_wconf 84' lang='lat' dir='ltr'>nr.</span> <span class='ocrx_word' id='word_1_751' title='bbox 1656 2307 1717 2336; x_wconf 82' lang='lat'>587,</span> <span class='ocrx_word' id='word_1_752' title='bbox 1734 2307 1794 2337; x_wconf 85' lang='lat'>590,</span> <span class='ocrx_word' id='word_1_753' title='bbox 1810 2307 1871 2337; x_wconf 88' lang='grc'><em>591,</em></span> <span class='ocrx_word' id='word_1_754' title='bbox 1887 2307 1948 2338; x_wconf 86' lang='grc'><em>596,</em></span> <span class='ocrx_word' id='word_1_755' title='bbox 1964 2307 2024 2337; x_wconf 84' lang='grc'><em>601,</em></span> <span class='ocrx_word' id='word_1_756' title='bbox 2041 2308 2101 2338; x_wconf 87' lang='grc'><em>604,</em></span> <span class='ocrx_word' id='word_1_757' title='bbox 2118 2308 2178 2338; x_wconf 88' lang='grc'><em>606,</em></span> <span class='ocrx_word' id='word_1_758' title='bbox 2195 2308 2255 2338; x_wconf 89' lang='grc'><em>608,</em></span> 
     </span>
     <span class='ocr_line' id='line_1_71' title="bbox 1201 2349 1420 2379; baseline 0.005 -5"><span class='ocrx_word' id='word_1_759' title='bbox 1201 2349 1261 2379; x_wconf 88' lang='grc'><em>616,</em></span> <span class='ocrx_word' id='word_1_760' title='bbox 1281 2350 1341 2379; x_wconf 92' lang='grc'><em>618,</em></span> <span class='ocrx_word' id='word_1_761' title='bbox 1361 2349 1420 2375; x_wconf 88' lang='grc'><em>622.</em></span> 
     </span>
    </p>
   </div>
   <div class='ocr_carea' id='block_1_22' title="bbox 1200 2401 2255 2478">
    <p class='ocr_par' dir='ltr' id='par_1_33' title="bbox 1200 2401 2255 2478">
     <span class='ocr_line' id='line_1_72' title="bbox 1272 2401 2255 2438; baseline 0.003 -11"><span class='ocrx_word' id='word_1_762' title='bbox 1272 2401 1304 2434; x_wconf 82' lang='lat'>¹²)</span> <span class='ocrx_word' id='word_1_763' title='bbox 1326 2402 1453 2433; x_wconf 85' lang='lat' dir='ltr'>„Creatio</span> <span class='ocrx_word' id='word_1_764' title='bbox 1477 2402 1622 2428; x_wconf 88' lang='lat' dir='ltr'>cardinalis</span> <span class='ocrx_word' id='word_1_765' title='bbox 1638 2402 1869 2437; x_wconf 81' lang='lat' dir='ltr'>Rothomagensis</span> <span class='ocrx_word' id='word_1_766' title='bbox 1891 2403 1935 2429; x_wconf 91' lang='lat' dir='ltr'>die</span> <span class='ocrx_word' id='word_1_767' title='bbox 1960 2405 1991 2431; x_wconf 90' lang='lat'>17</span> <span class='ocrx_word' id='word_1_768' title='bbox 2010 2404 2084 2438; x_wconf 87' lang='lat' dir='ltr'>Sept.</span> <span class='ocrx_word' id='word_1_769' title='bbox 2109 2413 2133 2430; x_wconf 89' lang='lat' dir='ltr'>a.</span> <span class='ocrx_word' id='word_1_770' title='bbox 2160 2404 2255 2430; x_wconf 89' lang='grc'><em>1498.“</em></span> 
     </span>
     <span class='ocr_line' id='line_1_73' title="bbox 1200 2445 2233 2478; baseline 0.003 -7"><span class='ocrx_word' id='word_1_771' title='bbox 1200 2445 1254 2472; x_wconf 71' lang='lat' dir='ltr'>Cir.</span> <span class='ocrx_word' id='word_1_772' title='bbox 1277 2445 1323 2472; x_wconf 89' lang='lat' dir='ltr'>AC</span> <span class='ocrx_word' id='word_1_773' title='bbox 1345 2446 1456 2472; x_wconf 81' lang='lat' dir='ltr'>Miscell.</span> <span class='ocrx_word' id='word_1_774' title='bbox 1479 2446 1525 2472; x_wconf 94' lang='lat' dir='ltr'>III</span> <span class='ocrx_word' id='word_1_775' title='bbox 1548 2446 1566 2472; x_wconf 80' lang='lat' dir='ltr'>f.</span> <span class='ocrx_word' id='word_1_776' title='bbox 1590 2448 1607 2473; x_wconf 88' lang='grc'>9</span> <span class='ocrx_word' id='word_1_777' title='bbox 1628 2449 1657 2473; x_wconf 91' lang='lat' dir='ltr'>et</span> <span class='ocrx_word' id='word_1_778' title='bbox 1678 2447 1778 2473; x_wconf 88' lang='lat' dir='ltr'>Burch.</span> <span class='ocrx_word' id='word_1_779' title='bbox 1802 2448 1876 2473; x_wconf 84' lang='lat' dir='ltr'>Diar.</span> <span class='ocrx_word' id='word_1_780' title='bbox 1899 2448 1941 2474; x_wconf 89' lang='lat' dir='ltr'>ed.</span> <span class='ocrx_word' id='word_1_781' title='bbox 1967 2448 2092 2474; x_wconf 60' lang='lat' dir='ltr'>Thuasne</span> <span class='ocrx_word' id='word_1_782' title='bbox 2114 2448 2152 2478; x_wconf 92' lang='lat' dir='ltr'>II,</span> <span class='ocrx_word' id='word_1_783' title='bbox 2175 2449 2233 2474; x_wconf 90' lang='grc'><em>516.</em></span> 
     </span>
    </p>
   </div>
   <div class='ocr_carea' id='block_1_23' title="bbox 1199 2498 2256 2930">
    <p class='ocr_par' dir='ltr' id='par_1_34' title="bbox 1199 2498 2256 2930">
     <span class='ocr_line' id='line_1_74' title="bbox 1271 2498 2256 2531; baseline 0.003 -7"><span class='ocrx_word' id='word_1_784' title='bbox 1271 2498 1305 2531; x_wconf 86' lang='lat'>¹³)</span> <span class='ocrx_word' id='word_1_785' title='bbox 1325 2499 1376 2525; x_wconf 90' lang='lat' dir='ltr'>Die</span> <span class='ocrx_word' id='word_1_786' title='bbox 1400 2500 1434 2525; x_wconf 90' lang='grc'>29</span> <span class='ocrx_word' id='word_1_787' title='bbox 1458 2499 1519 2526; x_wconf 89' lang='lat' dir='ltr'>Oct.</span> <span class='ocrx_word' id='word_1_788' title='bbox 1539 2501 1605 2527; x_wconf 88' lang='lat'>1477</span> <span class='ocrx_word' id='word_1_789' title='bbox 1640 2500 1762 2526; x_wconf 89' lang='lat' dir='ltr'>obtinuit</span> <span class='ocrx_word' id='word_1_790' title='bbox 1785 2501 1814 2526; x_wconf 92' lang='lat' dir='ltr'>in</span> <span class='ocrx_word' id='word_1_791' title='bbox 1837 2509 1935 2526; x_wconf 89' lang='lat' dir='ltr'>comm.</span> <span class='ocrx_word' id='word_1_792' title='bbox 1961 2509 2033 2526; x_wconf 91' lang='lat' dir='ltr'>mon.</span> <span class='ocrx_word' id='word_1_793' title='bbox 2053 2501 2256 2527; x_wconf 80' lang='lat' dir='ltr'>Grandissilvae</span> 
     </span>
     <span class='ocr_line' id='line_1_75' title="bbox 1201 2543 2256 2578; baseline 0.002 -10"><span class='ocrx_word' id='word_1_794' title='bbox 1201 2543 1232 2569; x_wconf 95' lang='lat' dir='ltr'>O.</span> <span class='ocrx_word' id='word_1_795' title='bbox 1255 2543 1281 2569; x_wconf 88' lang='lat' dir='ltr'>S.</span> <span class='ocrx_word' id='word_1_796' title='bbox 1301 2543 1333 2569; x_wconf 89' lang='lat' dir='ltr'>B.</span> <span class='ocrx_word' id='word_1_797' title='bbox 1353 2543 1438 2569; x_wconf 84' lang='lat' dir='ltr'>dioec.</span> <span class='ocrx_word' id='word_1_798' title='bbox 1458 2544 1584 2570; x_wconf 82' lang='lat' dir='ltr'>Tolosan.</span> <span class='ocrx_word' id='word_1_799' title='bbox 1604 2553 1664 2570; x_wconf 83' lang='lat' dir='ltr'>vac.</span> <span class='ocrx_word' id='word_1_800' title='bbox 1685 2553 1733 2578; x_wconf 87' lang='lat' dir='ltr'>per</span> <span class='ocrx_word' id='word_1_801' title='bbox 1750 2553 1799 2570; x_wconf 90' lang='lat' dir='ltr'>res.</span> <span class='ocrx_word' id='word_1_802' title='bbox 1821 2545 1926 2571; x_wconf 85' lang='lat' dir='ltr'>Juliani</span> <span class='ocrx_word' id='word_1_803' title='bbox 1945 2545 2017 2571; x_wconf 84' lang='lat' dir='ltr'>card.</span> <span class='ocrx_word' id='word_1_804' title='bbox 2037 2553 2057 2570; x_wconf 93' lang='lat' dir='ltr'>s.</span> <span class='ocrx_word' id='word_1_805' title='bbox 2079 2546 2161 2575; x_wconf 85' lang='lat' dir='ltr'>Petri,</span> <span class='ocrx_word' id='word_1_806' title='bbox 2181 2545 2256 2578; x_wconf 90' lang='lat' dir='ltr'>quod</span> 
     </span>
     <span class='ocr_line' id='line_1_76' title="bbox 1200 2586 2254 2622; baseline 0.002 -10"><span class='ocrx_word' id='word_1_807' title='bbox 1200 2586 1312 2620; x_wconf 84' lang='lat' dir='ltr'>quidem</span> <span class='ocrx_word' id='word_1_808' title='bbox 1331 2587 1347 2613; x_wconf 88' lang='grc'><strong>3</strong></span> <span class='ocrx_word' id='word_1_809' title='bbox 1368 2587 1443 2621; x_wconf 88' lang='lat' dir='ltr'>Sept.</span> <span class='ocrx_word' id='word_1_810' title='bbox 1466 2589 1542 2619; x_wconf 86' lang='lat'>1492,</span> <span class='ocrx_word' id='word_1_811' title='bbox 1562 2596 1648 2622; x_wconf 90' lang='lat' dir='ltr'>quum</span> <span class='ocrx_word' id='word_1_812' title='bbox 1667 2591 1696 2614; x_wconf 87' lang='lat' dir='ltr'>et</span> <span class='ocrx_word' id='word_1_813' title='bbox 1715 2588 1758 2614; x_wconf 90' lang='lat' dir='ltr'>hic</span> <span class='ocrx_word' id='word_1_814' title='bbox 1777 2591 1805 2614; x_wconf 90' lang='lat' dir='ltr'>et</span> <span class='ocrx_word' id='word_1_815' title='bbox 1824 2589 1868 2614; x_wconf 91' lang='lat' dir='ltr'>ille</span> <span class='ocrx_word' id='word_1_816' title='bbox 1886 2589 1977 2622; x_wconf 87' lang='lat' dir='ltr'>ipsum</span> <span class='ocrx_word' id='word_1_817' title='bbox 1996 2589 2047 2614; x_wconf 87' lang='lat' dir='ltr'>sibi</span> <span class='ocrx_word' id='word_1_818' title='bbox 2066 2589 2254 2620; x_wconf 88' lang='lat' dir='ltr'>vindicabant,</span> 
     </span>
     <span class='ocr_line' id='line_1_77' title="bbox 1200 2631 2255 2667; baseline 0.002 -11"><span class='ocrx_word' id='word_1_819' title='bbox 1200 2631 1342 2657; x_wconf 77' lang='lat' dir='ltr'>Ludovico</span> <span class='ocrx_word' id='word_1_820' title='bbox 1371 2631 1406 2657; x_wconf 90' lang='lat' dir='ltr'>de</span> <span class='ocrx_word' id='word_1_821' title='bbox 1429 2632 1561 2658; x_wconf 80' lang='lat' dir='ltr'>Narbona</span> <span class='ocrx_word' id='word_1_822' title='bbox 1580 2633 1609 2658; x_wconf 91' lang='lat' dir='ltr'>in</span> <span class='ocrx_word' id='word_1_823' title='bbox 1628 2641 1725 2658; x_wconf 90' lang='lat' dir='ltr'>comm.</span> <span class='ocrx_word' id='word_1_824' title='bbox 1746 2641 1906 2658; x_wconf 86' lang='lat' dir='ltr'>concessum</span> <span class='ocrx_word' id='word_1_825' title='bbox 1925 2636 1980 2663; x_wconf 87' lang='lat' dir='ltr'>est;</span> <span class='ocrx_word' id='word_1_826' title='bbox 2011 2633 2143 2667; x_wconf 86' lang='lat' dir='ltr'>Georgius</span> <span class='ocrx_word' id='word_1_827' title='bbox 2161 2636 2255 2659; x_wconf 86' lang='lat' dir='ltr'>autem</span> 
     </span>
     <span class='ocr_line' id='line_1_78' title="bbox 1200 2675 2256 2711; baseline 0.002 -11"><span class='ocrx_word' id='word_1_828' title='bbox 1200 2675 1273 2700; x_wconf 88' lang='lat' dir='ltr'>card.</span> <span class='ocrx_word' id='word_1_829' title='bbox 1296 2675 1473 2710; x_wconf 85' lang='lat' dir='ltr'>Rothomag.‚</span> <span class='ocrx_word' id='word_1_830' title='bbox 1495 2677 1543 2710; x_wconf 90' lang='lat' dir='ltr'>qui</span> <span class='ocrx_word' id='word_1_831' title='bbox 1563 2676 1663 2702; x_wconf 82' lang='lat' dir='ltr'>litteris</span> <span class='ocrx_word' id='word_1_832' title='bbox 1684 2677 1770 2702; x_wconf 89' lang='lat' dir='ltr'>Blesis</span> <span class='ocrx_word' id='word_1_833' title='bbox 1790 2678 1807 2702; x_wconf 92' lang='lat'>4</span> <span class='ocrx_word' id='word_1_834' title='bbox 1826 2677 1897 2703; x_wconf 90' lang='lat' dir='ltr'>Nov.</span> <span class='ocrx_word' id='word_1_835' title='bbox 1922 2678 1988 2703; x_wconf 92' lang='lat'>1498</span> <span class='ocrx_word' id='word_1_836' title='bbox 2009 2677 2081 2702; x_wconf 86' lang='lat' dir='ltr'>datis</span> <span class='ocrx_word' id='word_1_837' title='bbox 2102 2685 2122 2702; x_wconf 88' lang='lat' dir='ltr'>s.</span> <span class='ocrx_word' id='word_1_838' title='bbox 2144 2677 2256 2711; x_wconf 87' lang='lat' dir='ltr'>collegio</span> 
     </span>
     <span class='ocr_line' id='line_1_79' title="bbox 1199 2719 2254 2755; baseline 0.002 -10"><span class='ocrx_word' id='word_1_839' title='bbox 1199 2719 1272 2745; x_wconf 89' lang='lat' dir='ltr'>card.</span> <span class='ocrx_word' id='word_1_840' title='bbox 1297 2720 1400 2753; x_wconf 86' lang='lat' dir='ltr'>gratias</span> <span class='ocrx_word' id='word_1_841' title='bbox 1423 2721 1479 2754; x_wconf 84' lang='lat' dir='ltr'>egit</span> <span class='ocrx_word' id='word_1_842' title='bbox 1501 2720 1536 2746; x_wconf 91' lang='lat' dir='ltr'>de</span> <span class='ocrx_word' id='word_1_843' title='bbox 1559 2729 1609 2746; x_wconf 88' lang='lat' dir='ltr'>sua</span> <span class='ocrx_word' id='word_1_844' title='bbox 1633 2722 1805 2755; x_wconf 88' lang='lat' dir='ltr'>promotione</span> <span class='ocrx_word' id='word_1_845' title='bbox 1828 2724 1856 2747; x_wconf 88' lang='lat' dir='ltr'>et</span> <span class='ocrx_word' id='word_1_846' title='bbox 1879 2722 1911 2747; x_wconf 90' lang='lat'>21</span> <span class='ocrx_word' id='word_1_847' title='bbox 1937 2721 2001 2747; x_wconf 84' lang='lat' dir='ltr'>Dec.</span> <span class='ocrx_word' id='word_1_848' title='bbox 2029 2722 2096 2747; x_wconf 85' lang='lat'>1498</span> <span class='ocrx_word' id='word_1_849' title='bbox 2119 2721 2254 2755; x_wconf 82' lang='lat' dir='ltr'>capellum</span> 
     </span>
     <span class='ocr_line' id='line_1_80' title="bbox 1200 2763 2255 2799; baseline 0.002 -10"><span class='ocrx_word' id='word_1_850' title='bbox 1200 2763 1316 2789; x_wconf 86' lang='lat' dir='ltr'>rubeum</span> <span class='ocrx_word' id='word_1_851' title='bbox 1334 2772 1351 2789; x_wconf 86' lang='lat' dir='ltr'>a</span> <span class='ocrx_word' id='word_1_852' title='bbox 1369 2764 1481 2790; x_wconf 88' lang='lat' dir='ltr'>domino</span> <span class='ocrx_word' id='word_1_853' title='bbox 1499 2765 1646 2791; x_wconf 89' lang='lat' dir='ltr'>Valentino</span> <span class='ocrx_word' id='word_1_854' title='bbox 1665 2765 1723 2797; x_wconf 80' lang='lat' dir='ltr'>(cfr.</span> <span class='ocrx_word' id='word_1_855' title='bbox 1744 2765 1816 2799; x_wconf 86' lang='lat' dir='ltr'>App.</span> <span class='ocrx_word' id='word_1_856' title='bbox 1838 2765 1851 2790; x_wconf 97' lang='lat' dir='ltr'>I</span> <span class='ocrx_word' id='word_1_857' title='bbox 1864 2773 1904 2791; x_wconf 82' lang='lat' dir='ltr'>nr.</span> <span class='ocrx_word' id='word_1_858' title='bbox 1919 2766 1982 2797; x_wconf 88' lang='lat'>604)</span> <span class='ocrx_word' id='word_1_859' title='bbox 1997 2766 2025 2790; x_wconf 87' lang='lat' dir='ltr'>in</span> <span class='ocrx_word' id='word_1_860' title='bbox 2038 2766 2182 2791; x_wconf 80' lang='lat' dir='ltr'>Franciam</span> <span class='ocrx_word' id='word_1_861' title='bbox 2195 2774 2255 2799; x_wconf 86' lang='lat' dir='ltr'>por-</span> 
     </span>
     <span class='ocr_line' id='line_1_81' title="bbox 1201 2808 2255 2841; baseline 0.002 -8"><span class='ocrx_word' id='word_1_862' title='bbox 1201 2810 1293 2833; x_wconf 83' lang='lat' dir='ltr'>tatum</span> <span class='ocrx_word' id='word_1_863' title='bbox 1312 2808 1435 2834; x_wconf 83' lang='lat' dir='ltr'>obtinuit</span> <span class='ocrx_word' id='word_1_864' title='bbox 1451 2809 1510 2841; x_wconf 80' lang='lat' dir='ltr'>(cfr.</span> <span class='ocrx_word' id='word_1_865' title='bbox 1526 2808 1573 2835; x_wconf 90' lang='lat' dir='ltr'>AC</span> <span class='ocrx_word' id='word_1_866' title='bbox 1585 2809 1695 2835; x_wconf 83' lang='lat' dir='ltr'>Miscell.</span> <span class='ocrx_word' id='word_1_867' title='bbox 1714 2809 1806 2836; x_wconf 90' lang='lat' dir='ltr'>XLIV</span> <span class='ocrx_word' id='word_1_868' title='bbox 1818 2809 1836 2835; x_wconf 73' lang='lat' dir='ltr'>f.</span> <span class='ocrx_word' id='word_1_869' title='bbox 1851 2811 1866 2836; x_wconf 97' lang='lat'>7</span> <span class='ocrx_word' id='word_1_870' title='bbox 1886 2812 1915 2835; x_wconf 85' lang='lat' dir='ltr'>et</span> <span class='ocrx_word' id='word_1_871' title='bbox 1927 2810 1981 2841; x_wconf 82' lang='lat'>27),</span> <span class='ocrx_word' id='word_1_872' title='bbox 2000 2809 2045 2835; x_wconf 83' lang='lat' dir='ltr'>die</span> <span class='ocrx_word' id='word_1_873' title='bbox 2059 2810 2088 2835; x_wconf 90' lang='lat'>11</span> <span class='ocrx_word' id='word_1_874' title='bbox 2108 2809 2168 2835; x_wconf 87' lang='lat' dir='ltr'>Oct.</span> <span class='ocrx_word' id='word_1_875' title='bbox 2189 2810 2255 2835; x_wconf 88' lang='lat'>1503</span> 
     </span>
     <span class='ocr_line' id='line_1_82' title="bbox 1200 2852 2253 2879; baseline 0.002 -2"><span class='ocrx_word' id='word_1_876' title='bbox 1200 2859 1274 2877; x_wconf 89' lang='lat' dir='ltr'>mon.</span> <span class='ocrx_word' id='word_1_877' title='bbox 1283 2860 1304 2878; x_wconf 88' lang='lat' dir='ltr'>s.</span> <span class='ocrx_word' id='word_1_878' title='bbox 1315 2852 1423 2878; x_wconf 84' lang='lat' dir='ltr'>Ebrulfi</span> <span class='ocrx_word' id='word_1_879' title='bbox 1431 2852 1516 2879; x_wconf 82' lang='lat' dir='ltr'>dioec.</span> <span class='ocrx_word' id='word_1_880' title='bbox 1527 2853 1673 2879; x_wconf 76' lang='lat' dir='ltr'>Lexovien.</span> <span class='ocrx_word' id='word_1_881' title='bbox 1684 2856 1713 2879; x_wconf 86' lang='lat' dir='ltr'>et</span> <span class='ocrx_word' id='word_1_882' title='bbox 1721 2862 1741 2879; x_wconf 90' lang='lat' dir='ltr'>s.</span> <span class='ocrx_word' id='word_1_883' title='bbox 1752 2854 1827 2879; x_wconf 87' lang='lat' dir='ltr'>Petri</span> <span class='ocrx_word' id='word_1_884' title='bbox 1835 2853 1869 2879; x_wconf 89' lang='lat' dir='ltr'>de</span> <span class='ocrx_word' id='word_1_885' title='bbox 1878 2854 2020 2879; x_wconf 84' lang='lat' dir='ltr'>Latiniaco</span> <span class='ocrx_word' id='word_1_886' title='bbox 2026 2854 2114 2879; x_wconf 86' lang='lat' dir='ltr'>dioec.</span> <span class='ocrx_word' id='word_1_887' title='bbox 2124 2854 2253 2879; x_wconf 85' lang='lat' dir='ltr'>Parisien.</span> 
     </span>
     <span class='ocr_line' id='line_1_83' title="bbox 1200 2895 2183 2930; baseline 0.002 -9"><span class='ocrx_word' id='word_1_888' title='bbox 1200 2895 1229 2921; x_wconf 86' lang='lat' dir='ltr'>in</span> <span class='ocrx_word' id='word_1_889' title='bbox 1249 2904 1348 2922; x_wconf 78' lang='lat' dir='ltr'>comm.</span> <span class='ocrx_word' id='word_1_890' title='bbox 1370 2896 1493 2923; x_wconf 85' lang='lat' dir='ltr'>obtinuit</span> <span class='ocrx_word' id='word_1_891' title='bbox 1514 2897 1587 2930; x_wconf 85' lang='lat' dir='ltr'>(Obl.</span> <span class='ocrx_word' id='word_1_892' title='bbox 1609 2898 1652 2928; x_wconf 84' lang='lat'>83,</span> <span class='ocrx_word' id='word_1_893' title='bbox 1673 2898 1720 2928; x_wconf 87' lang='lat'>50;</span> <span class='ocrx_word' id='word_1_894' title='bbox 1741 2897 1787 2924; x_wconf 84' lang='lat' dir='ltr'>Ac</span> <span class='ocrx_word' id='word_1_895' title='bbox 1807 2898 1912 2924; x_wconf 85' lang='lat' dir='ltr'>Camer.</span> <span class='ocrx_word' id='word_1_896' title='bbox 1933 2897 1947 2923; x_wconf 95' lang='lat' dir='ltr'>I</span> <span class='ocrx_word' id='word_1_897' title='bbox 1969 2898 1987 2923; x_wconf 76' lang='lat' dir='ltr'>t.</span> <span class='ocrx_word' id='word_1_898' title='bbox 2010 2898 2043 2924; x_wconf 84' lang='lat'>26</span> <span class='ocrx_word' id='word_1_899' title='bbox 2063 2901 2092 2923; x_wconf 85' lang='lat' dir='ltr'>et</span> <span class='ocrx_word' id='word_1_900' title='bbox 2115 2898 2183 2930; x_wconf 85' lang='lat'>120).</span> 
     </span>
    </p>
   </div>
  </div>
 </body>
</html>
