2436 3328
72 277 99 308 ⁴⁸
109 287 299 328 Ipor(eg)ien.

0 445 6 455 s
13 452 18 465 ,v
77 438 100 459 s.
122 429 237 459 Irenaei

77 561 95 580 ⁸
106 561 247 591 Isernien.

75 693 92 712 *
112 704 136 724 s.
159 694 180 724 J
181 698 267 724 ustae

75 746 93 766 *
106 746 127 777 J
128 757 290 777 uvenacen.

74 923 255 954 Karleolien.

73 1011 202 1042 Kioven.

72 1143 226 1174 Knesnen.

72 1196 323 1227 Lacedaemonem

69 1416 258 1448 Ladimirien.

68 1505 224 1536 lamecen.

8 1764 12 1765 ⁷
67 1778 85 1798 ¹⁸¹
95 1778 268 1810 Landaven.

68 1875 225 1906 Laodicen.

61 2281 208 2312 Imnien.

46 2601 50 2604 ·
61 2590 79 2609 2
90 2590 310 2630 Inquedonien.

62 2643 80 2663 *
91 2639 228 2674 Larinen.

61 2908 205 2938 Larissen.

967 191 1019 225 ad.
1042 191 1136 225 Hier

423 287 631 327 (Iporedien.):
655 288 679 317 Ο
693 288 712 317 1)
725 298 740 317 e
752 299 766 317 r
778 292 792 317 t
803 299 823 318 ιι
835 299 849 318 s
869 288 932 328 jam
945 289 1137 319 1208Nov.22

423 332 533 362 etDec.
546 333 581 361 13
590 342 650 361 occ.
662 333 707 369 (P.
717 334 801 367 3537,
811 334 912 370 3564);
933 333 981 362 Al
994 333 1013 363 b
1025 338 1136 363 crtus

423 376 486 406 obt.
513 376 559 405 lic.
587 380 655 406 test.
684 378 757 406 1289
785 377 805 406 J
806 377 846 406 ul.
874 378 909 407 18
935 378 980 414 (Ρ.
1007 379 1044 407 23
1055 379 1134 415 013).

421 429 490 458 eccl.
512 429 542 458 in
563 429 696 459 ulteriori
718 429 825 459 Sirmio
845 430 948 459 unitur
967 441 1036 460 cum
1055 441 1135 460 novo

421 477 523 512 epatu.
553 473 590 503 de
619 474 670 503 Ku
698 474 729 503 in
760 473 866 503 Sirmio
896 475 968 504 1229
997 475 1085 504 Mart.
1116 477 1134 505 3

423 517 503 555 (Gre.
528 518 575 547 IX
598 519 679 555 278);
704 518 756 547 cfr.
782 517 918 548 Sirmien.

421 562 511 600 capit.
530 566 668 591 mouetur
686 563 758 592 1207
777 562 838 591 Jul.
856 563 902 597 27,
920 566 955 591 ut
970 562 1026 592 sibi
1042 563 1134 601 eligat

421 610 573 645 pastorem
588 607 633 643 (P.
649 607 733 641 3146,
750 606 801 635 ubi
815 606 907 636 etiam
922 606 956 635 lis
970 606 1048 636 inter
1062 608 1131 637 eccl.

423 650 515 680 Isem.
540 655 571 679 et
595 650 755 680 Venafran.
780 650 950 687 deciditur).

428 717 434 724 .
447 718 453 724 .
471 705 552 733 epus.
577 694 702 724 interest
724 694 848 723 concilio
873 695 923 724 IV.
950 695 1088 724 Later-an.

422 747 446 776 L
458 758 474 777 e
486 758 504 777 o
515 757 536 777 ιι
547 758 565 777 a
576 758 591 776 r
602 747 622 776 d
635 758 654 776 u
666 758 679 776 s
711 757 772 776 non
793 757 872 776 cons.
898 749 972 777 1253
993 748 1081 777 Mart.
1107 751 1132 783 7,

419 791 471 821 sed
483 791 539 821 hac
550 791 598 821 die
613 791 641 821 S.
655 792 687 821 P.
701 791 794 830 eppis.
808 791 966 826 Terracin.,
982 791 1131 828 Gaietan.‚

418 835 557 865 Verulan.
585 835 719 870 mandat,
747 839 782 864 ut
807 835 833 865 ei
859 836 915 865 hoc
942 846 1050 865 munus
1075 836 1130 866 im-

418 879 561 918 pendant.

419 924 498 959 eccl„
514 927 604 953 antea
619 923 769 962 regularis,
797 924 835 953 fit
848 925 956 953 saecul.
974 924 1065 962 (Hon.
1083 925 1131 954 III

420 969 502 1003 1596,
524 968 576 997 cfr.
598 968 631 997 P.
656 969 750 1005 1902).

419 1011 439 1041 J
451 1022 469 1041 a
480 1022 496 1041 c
508 1022 526 1041 ο
539 1012 557 1041 b
570 1022 590 1041 u
601 1022 615 1041 s
660 1012 707 1049 (O.
742 1022 765 1041 s.
801 1012 880 1047 Bas„
915 1022 976 1042 non
1009 1013 1127 1050 Praed.)

416 1056 530 1085 assistit
553 1057 623 1086 1371
649 1056 809 1085 Cracoviae
831 1057 1046 1086 consecrationi
1068 1058 1129 1086 An-

415 1100 504 1130 dreae
524 1100 612 1139 primi
633 1100 690 1139 epi.
713 1100 846 1130 Cereten.

418 1155 443 1174 v.
468 1144 618 1174 Gneznen.

421 1221 428 1227 .
440 1221 447 1227 .
464 1208 537 1236 epus
554 1208 614 1227 occ.
635 1199 709 1227 1223
728 1198 809 1236 Sept.
828 1200 846 1227 3
863 1198 955 1235 (Hon.
974 1199 1022 1227 III
1040 1200 1127 1236 4477)

414 1246 445 1271 et
463 1243 536 1272 1236
554 1242 624 1271 Dec.
644 1243 681 1271 20
698 1242 778 1279 (Gre.
798 1243 845 1271 IX
862 1244 963 1279 3409);
992 1243 1016 1271 F
1029 1253 1048 1272 u
1060 1243 1069 1272 l
1081 1253 1097 1272 0
1110 1254 1127 1272 ο

413 1287 534 1325 (postul.
556 1287 630 1316 1263
650 1287 720 1316 Deo.
743 1288 787 1322 19,
808 1287 860 1316 cfr.
882 1287 954 1316 Urb.
976 1287 1019 1316 IV
1038 1289 1124 1324 2433)

412 1341 466 1360 res.
500 1330 599 1360 adhuc
630 1331 681 1366 el.;
726 1331 756 1360 H
768 1341 785 1360 a
797 1341 818 1369 y
830 1341 860 1360 m
872 1341 890 1360 o
922 1341 1016 1370 prom.
1051 1333 1125 1362 1278

411 1375 487 1413 Aug.
511 1376 546 1404 18
579 1375 623 1412 (P.
646 1376 773 1411 21394).

411 1419 436 1448 Ρ
447 1429 463 1448 e
476 1423 490 1448 t
500 1430 515 1448 r
527 1429 547 1448 u
558 1429 572 1448 s
588 1419 697 1458 agebat
713 1419 797 1448 suffr.
814 1419 845 1453 in
861 1419 953 1449 dioec.
974 1419 1123 1449 Gneznen.

413 1473 440 1493 a.
463 1465 546 1493 1365.

419 1530 425 1537 .
438 1531 444 1537 .
462 1518 543 1546 epus.
574 1511 605 1536 et
635 1509 668 1538 G.
698 1508 871 1543 monachus,
902 1508 1012 1546 quond.
1043 1519 1125 1547 epus.

411 1551 505 1587 Lam„
531 1562 591 1581 occ.
618 1553 692 1581 1198
708 1552 779 1590 Apr.
799 1553 894 1588 l8l30‚
917 1552 953 1589 (P
965 1563 981 1581 e
993 1556 1007 1581 t
1019 1563 1033 1581 r
1045 1563 1064 1582 u
1077 1563 1091 1581 s
1102 1553 1127 1591 ἓ)

412 1597 487 1626 1220
517 1596 587 1625 Maii
619 1597 655 1626 23
686 1600 717 1626 et
748 1596 972 1635 (Pelagius
994 1597 1018 1633 2)
1053 1598 1127 1626 1224

410 1640 498 1670 Mart.
519 1642 556 1670 28
575 1645 606 1670 et
625 1641 697 1670 Jun.
717 1643 734 1670 5
755 1640 846 1678 (Ηοιι.
867 1641 916 1670 III
935 1642 1019 1676 2448,
1040 1642 1125 1676 4894,

409 1686 511 1722 5030);
535 1685 562 1714 D
575 1684 584 1714 i
596 1685 617 1714 d
629 1695 647 1714 a
658 1695 674 1714 c
686 1695 707 1714 u
718 1695 732 1714 s
756 1686 828 1715 1307
842 1685 928 1714 Febr.
942 1686 978 1714 28
991 1685 1054 1714 obt.
1068 1685 1125 1715 fac.

412 1729 511 1758 acced.
536 1729 575 1758 ad
599 1729 668 1758 eccl.
693 1739 779 1758 suam
804 1729 874 1766 (Cle.
900 1729 927 1758 V
952 1731 1047 1767 1569).

412 1782 502 1811 And
514 1793 528 1811 r
540 1793 555 1812 e
567 1793 585 1811 a
597 1793 611 1812 s
636 1783 734 1819 (1395)
760 1786 825 1811 erat
849 1783 951 1821 capell.
981 1783 1009 1812 S.
1036 1783 1069 1812 P.
1095 1787 1126 1812 et

412 1826 532 1855 auditor
545 1837 625 1856 caus.
640 1837 662 1856 s.
678 1827 736 1865 pal.
752 1830 848 1865 apost.
865 1827 944 1864 (Lat.
961 1828 996 1857 47
1011 1827 1031 1856 f.
1050 1828 1129 1864 146),

409 1879 478 1908 huic
492 1879 561 1908 eccl.
578 1883 666 1909 tanto
681 1883 773 1918 temp.
790 1890 854 1909 vac.
870 1879 1020 1918 provideri
1035 1879 1122 1919 jubet

408 1922 446 1952 de
464 1927 584 1962 pastore
604 1924 670 1953 Inn.
692 1924 735 1953 IV
756 1925 829 1954 1254
849 1924 937 1953 Mart.
958 1925 1004 1959 30,
1025 1925 1120 1954 electo

408 1971 511 1997 autem
530 1967 609 1997 tradi
619 1967 776 1998 abbatiam
794 1979 817 1998 s.
840 1967 958 2007 Georgii
977 1968 1119 1998 Antioch.

409 2011 443 2040 O.
464 2011 493 2041 S.
511 2012 546 2041 A.
565 2012 596 2041 in
612 2022 731 2047 comm„
749 2022 818 2042 cum
835 2013 904 2042 eccl.
923 2012 1015 2042 Laod.
1034 2013 1074 2042 sit
1090 2013 1121 2042 in

408 2065 487 2085 man.
509 2055 645 2085 Saracen.
666 2056 751 2095 (Reg.
771 2058 844 2087 7397
863 2060 895 2086 et
913 2058 1013 2094 7399);
1044 2057 1067 2086 P
1080 2068 1095 2086 e
1110 2074 1119 2078 —

407 2102 478 2128 tru
490 2110 504 2129 s
521 2101 618 2137 (1264)
636 2111 720 2138 prov.
739 2102 812 2130 1265
832 2100 913 2139 Sept.
931 2102 965 2130 21
985 2101 1056 2138 (Cle.
1076 2101 1119 2130 IV

410 2144 476 2180 153)
484 2154 491 2179 ;
528 2144 548 2173 J
560 2154 577 2173 o
589 2154 607 2173 a
619 2154 639 2173 n
651 2154 671 2173 n
683 2155 698 2174 e
710 2155 724 2173 s
757 2145 841 2174 suffr.
866 2145 922 2183 epi.
947 2145 1120 2175 Cracovien.

411 2188 484 2218 1378
510 2192 542 2217 et
581 2187 601 2217 S
613 2188 632 2217 b
644 2188 653 2217 i
665 2198 683 2227 g
695 2199 715 2218 ιι
727 2199 742 2218 e
755 2199 775 2218 u
786 2199 800 2218 s
828 2190 965 2219 1395—c.
981 2191 1054 2219 1402
1084 2191 1120 2227 (0.

405 2233 485 2261 ’1408
507 2232 592 2261 coad.
614 2232 690 2271 aepi.
712 2233 907 2271 Leopolien.).

421 2308 427 2313 .
440 2308 446 2314 .
464 2295 536 2323 epus
553 2295 614 2314 occ.
634 2286 706 2315 1199
726 2285 807 2324 Sept.
827 2287 861 2316 17
879 2290 910 2315 et
927 2287 998 2316 1211
1019 2286 1088 2316 Jan.
1107 2290 1125 2317 5

405 2329 450 2366 (P.
460 2331 515 2358 369
527 2333 558 2358 et
566 2330 667 2366 4163);
689 2329 717 2358 R
731 2340 749 2359 0
762 2329 780 2358 b
793 2340 808 2359 e
820 2340 834 2359 r
846 2334 860 2359 t
871 2340 891 2359 u
904 2341 934 2360 m
946 2354 953 2365 ,
974 2330 1124 2362 intrusum

403 2377 435 2402 et
452 2383 532 2403 cons.
555 2373 618 2410 (cfr.
639 2378 702 2403 not.
725 2375 737 2403 1
758 2378 789 2403 et
807 2375 846 2411 4),
867 2374 905 2403 01)
923 2374 1046 2413 dilapid.
1066 2375 1118 2405 bo-

406 2427 513 2447 norum
538 2418 608 2447 eccl.
635 2417 768 2447 amoveri
803 2422 833 2447 et
862 2418 974 2448 admin.
1001 2419 1118 2449 institui

406 2460 494 2500 jubet
504 2462 583 2491 Hon.
597 2462 645 2491 III
657 2463 756 2499 (1919)
769 2464 786 2492 6
797 2462 867 2492 Maii
881 2463 996 2498 1226;I
1008 2473 1022 2492 s
1034 2473 1051 2492 a
1063 2474 1081 2492 a
1093 2474 1117 2499 c,

408 2516 492 2544 prov,
513 2507 587 2536 1253
606 2506 677 2535 Jun.
698 2507 734 2535 23
752 2507 789 2536 al.
809 2508 854 2541 21,
874 2507 972 2536 adhuc
989 2508 1024 2537 el.
1045 2509 1118 2538 1256

412 2549 497 2579 Febr.
525 2551 559 2580 17
586 2551 630 2587 (P.
659 2552 693 2580 16
706 2552 783 2587 256).

417 2617 423 2623 .
436 2617 443 2623 .
460 2604 533 2633 epus
554 2594 679 2624 interest
700 2595 824 2624 concilio
847 2595 898 2624 IV.
921 2595 1061 2625 Lateran.

403 2646 472 2676 huic
483 2647 551 2676 eccl.
565 2658 629 2676 vac.
642 2658 694 2686 per
706 2648 808 2677 transl.
824 2647 850 2677 G
862 2658 881 2677 u
894 2658 912 2677 a
926 2648 933 2676 l
947 2652 960 2677 t
972 2659 987 2677 e
999 2659 1013 2677 ι·
1025 2648 1033 2677 ι
1047 2648 1055 2677 ι
1078 2648 1117 2678 ad

402 2691 512 2720 Amalf.
524 2691 590 2721 Inn.
603 2692 645 2721 IV
656 2693 754 2729 (8203)
768 2693 840 2722 1254
850 2692 927 2721 Νον.
941 2693 974 2722 17
986 2693 1115 2723 alterum

405 2734 432 2764 G
443 2745 462 2764 u
474 2745 492 2764 a
505 2736 539 2765 lt
551 2746 567 2765 e
579 2736 645 2765 riu
658 2746 688 2766 m
706 2738 795 2774 (mag.
815 2740 845 2765 et
862 2746 926 2765 can.
947 2736 1100 2775 Hydrunt.
1114 2739 1122 2773 )

402 2779 554 2818 praefecit,
581 2780 633 2809 sed
659 2780 723 2809 loco
750 2780 928 2815 „Larinen.“
957 2781 1119 2819 legendum

403 2833 464 2853 esse
480 2823 600 2853 videtur
616 2824 778 2860 „Licien.“,
795 2825 873 2854 sicut
889 2835 991 2854 revera
1008 2825 1119 2864 legitur

403 2867 476 2906 Reg.
498 2869 573 2898 8234
594 2873 626 2898 et
645 2869 729 2898 8241.

405 2934 411 2940 .
424 2934 430 2941 .
447 2922 548 2951 aepus.
577 2923 637 2942 occ.
667 2914 741 2942 1208
770 2913 830 2942 Jul.
862 2914 898 2942 10
924 2918 954 2942 et
982 2913 1047 2943 Oct.
1079 2915 1119 2943 13

404 2955 448 2992 (P.
464 2957 547 2991 3450,
564 2958 648 2991 3508,
665 2958 752 2994 3515)
768 2967 803 2986 ac
819 2958 892 2986 1218
907 2957 978 2996 Apr.
995 2959 1021 2992 4,
1040 2959 1094 2986 122
1108 2959 1121 2987 1

1138 217 1145 224 .
1169 191 1272 226 cath.
1295 191 1368 226 vol.
1392 191 1442 225 1².

1245 290 1392 320 Larissen.

1246 396 1263 415 *
1275 396 1433 426 Lascuren.

1242 955 1259 973 *
1272 955 1438 984 Lausanen.

1239 1317 1389 1348 Lavellen.

1239 1594 1397 1623 Laventin.

1238 1957 1407 1987 Lechlinen.

1239 2011 1392 2041 Lectoren.

1241 2462 1257 2480 *
1270 2462 1427 2501 Legionen.

1240 2914 1420 2953 Leighlinen.

1244 672 1261 690 *
1274 671 1448 701 Laudunen.

2183 196 2307 226 XXVII

1589 291 1658 321 Jan.
1675 295 1700 327 7,
1718 294 1790 321 1224
1806 293 1877 322 Jun.
1895 294 1931 322 10
1949 294 2040 330 (Ηοιι.
2056 293 2104 322 III
2120 295 2203 329 1215,
2219 295 2303 329 2959,

1590 337 1692 373 5034);
1719 337 1771 366 cfr.
1788 347 1878 376 supra
1893 348 1915 366 s.
1933 348 1961 367 v.
1979 338 2114 367 Carmen.
2132 338 2303 376 (Carinen.).

1591 397 1627 426 de
1643 408 1752 427 excess.
1771 399 1817 435 (A.
1830 400 1854 435 2)
1872 410 1936 438 epo.
1953 400 2037 429 Lase.
2055 400 2180 439 objectis
2195 401 2305 440 inquiri

1589 441 1675 480 jubet
1690 443 1761 472 1237
1777 443 1848 472 Jun.
1863 445 1899 473 26
1915 443 1981 473 Gre.
1997 444 2043 473 IX
2057 446 2143 481 (3765
2156 449 2187 474 et
2199 447 2302 482 3774);

1590 486 1636 514 hic
1656 486 1735 515 enim
1754 487 1823 516 licet
1841 487 1987 526 illegibilis
2006 488 2036 517 in
2055 489 2153 518 locum
2172 490 2303 525 alterius,

1589 540 1678 569 quem
1710 531 1851 560 canonice
1882 532 1996 561 sciebat
2028 533 2156 563 electum
2188 538 2219 563 et
2250 545 2303 573 per

1589 579 1729 613 nepotem
1751 586 1839 605 suum
1862 576 2004 605 trucidari
2026 577 2105 612 fecit,
2128 588 2159 607 se
2181 578 2305 607 intrusit

1588 623 1618 648 et
1627 619 1791 648 consecrari
1800 620 1871 649 fecit
1880 621 1909 657 (l.
1920 631 1944 649 0.
1956 622 2011 650 288
2024 621 2063 650 ad
2081 623 2116 651 18
2129 622 2300 660 Dec.1235).

1590 672 1816 702 Robertus
1858 673 1957 702 adhuc
1989 674 2023 703 el.
2059 676 2132 704 1213
2163 675 2234 705 Maii
2266 677 2300 705 31

1588 716 1633 752 (P.
1660 718 1736 746 4780
1759 717 1811 746 cfr.
1838 719 1912 747 4256
1938 722 1968 747 et
1993 719 2094 755 4536);
2120 719 2193 749 item
2218 721 2299 749 An-

1587 761 1750 790 selmus
1799 763 1870 792 1217
1898 762 1973 801 Aug.
2001 764 2046 797 23,
2085 763 2171 802 cujus
2196 765 2302 793 electio

1587 805 1664 834 conf.
1686 806 1757 835 1217
1779 806 1860 844 Sept.
1880 808 1897 835 6
1916 807 2007 843 (Ηοιι.
2028 807 2076 836 III
2095 810 2150 837 736
2168 812 2198 837 et
2216 810 2298 845 785>;

1589 848 1755 878 Gazoni
1783 850 1939 887 (Guidoni)
1967 851 2102 880 interdic.
2130 852 2241 882 admin.
2270 853 2300 881 in

1586 893 1655 932 spir.
1679 898 1710 922 et
1732 898 1824 933 temp.
1850 896 1922 925 1297
1947 895 1991 932 (P.
2016 897 2052 924 24
2065 898 2142 932 739).

1590 955 1615 984 G
1627 966 1643 985 e
1655 966 1669 984 r
1681 967 1699 984 a
1711 967 1725 984 r
1737 956 1756 985 d
1769 967 1789 985 u
1800 967 1814 985 s
1840 957 1877 986 de
1906 957 2083 996 Wippingen
2111 959 2209 995 (1301)
2237 963 2303 988 erat

1586 1000 1680 1029 adiac.
1707 1000 1943 1030 Richemundiae
1968 1001 1998 1030 in
2023 1002 2091 1031 eccl.
2119 1003 2298 1038 Eboracen.;

1586 1045 1637 1073 Pe
1650 1049 1720 1074 tru
1733 1055 1746 1073 s
1775 1046 1873 1082 (1313)
1903 1046 2016 1075 absolv.
2048 1047 2123 1076 1320
2152 1047 2233 1085 Sept.
2265 1049 2299 1078 17

1585 1099 1603 1117 a
1618 1088 1692 1118 vitio
1706 1089 1850 1118 simoniae
1864 1089 1895 1118 in
1910 1094 2038 1128 promot.
2054 1101 2108 1119 sua
2125 1092 2300 1121 commissae

1586 1133 1647 1170 (Jo.
1690 1133 1786 1162 XXII
1829 1135 1864 1162 12
1876 1135 1958 1171 411);
2001 1134 2048 1163 ille
2091 1135 2111 1164 J
2124 1145 2141 1164 o
2153 1145 2171 1164 a
2183 1146 2203 1164 n
2215 1146 2235 1164 n
2247 1146 2262 1165 e
2275 1147 2288 1165 s

1586 1177 1711 1214 (Mam-Ic
1728 1177 1761 1206 de
1778 1178 1971 1215 Landskron),
1991 1178 2028 1207 de
2046 1189 2106 1218 quo
2123 1183 2185 1208 not.
2205 1183 2231 1215 5,
2251 1180 2298 1209 die

1585 1222 1622 1250 20
1645 1221 1726 1260 Sept.
1750 1223 1821 1251 1401
1845 1222 1999 1252 ecclesiam
2020 1223 2195 1253 monialium
2217 1224 2251 1253 O.
2274 1235 2296 1254 s.

1584 1266 1672 1295 Dom.
1696 1266 1810 1295 Bernae
1833 1271 1998 1296 consecrat.

1583 1329 1682 1358 epum.
1713 1319 1846 1349 amoveri
1890 1319 1978 1359 jubet
2010 1320 2091 1350 Ηοιι.
2126 1321 2174 1350 III
2219 1323 2299 1360 (783)

1583 1364 1656 1394 1217
1698 1364 1780 1402 Sept.
1816 1365 1866 1399 12;
1911 1365 2164 1400 Riecardus,
2207 1366 2301 1396 frater

1581 1408 1689 1437 domus
1721 1408 1782 1438 Mil.
1809 1408 1935 1447 Templi,
1969 1409 2056 1448 cujus
2079 1410 2185 1439 electio
2218 1411 2300 1449 prius

1582 1457 1699 1482 cassata
1720 1457 1774 1488 est,
1810 1453 1931 1483 admitt.
1957 1453 1996 1482 ab
2019 1454 2099 1483 Hon.
2125 1455 2174 1484 III
2199 1456 2299 1494 (5969)

1583 1498 1656 1527 1226
1681 1497 1754 1527 Jun.
1781 1499 1809 1533 1,
1834 1498 2030 1536 inquisitione
2053 1503 2156 1528 tamen
2177 1500 2300 1538 praevia

1582 1541 1728 1571 facienda.

1584 1594 1612 1624 U
1625 1595 1633 1624 l
1645 1595 1680 1624 ri
1693 1605 1708 1623 0
1721 1605 1740 1624 ιι
1752 1606 1766 1624 s
1775 1596 1810 1625 el.
1820 1595 1860 1624 in.
1871 1606 1897 1625 a.
1910 1597 1992 1630 1227,
2003 1606 2082 1626 cons.
2094 1598 2168 1626 1228
2176 1597 2299 1633 Maii14;

1584 1639 1614 1668 H
1626 1650 1641 1668 e
1653 1650 1668 1668 ι·
1680 1639 1699 1668 1)
1712 1650 1729 1668 0
1742 1650 1756 1668 r
1767 1639 1787 1668 d
1800 1650 1819 1669 u
1831 1650 1845 1668 s
1859 1640 1906 1677 (Ο.
1922 1640 2016 1677 Μιιι.),
2031 1640 2153 1670 natione
2169 1641 2298 1677 Silesius,

1583 1687 1648 1712 erat
1673 1684 1798 1713 confess.
1826 1694 1848 1713 S.
1878 1684 2029 1722 Hedwigis
2055 1684 2180 1724 ejusque
2206 1696 2299 1715 nurus

1581 1727 1695 1763 Annae,
1706 1738 1724 1757 a
1732 1728 1779 1767 cuj
1784 1738 1818 1757 us
1827 1728 1889 1757 filio
1899 1728 2060 1758 Wladislao
2069 1739 2153 1768 aepo.
2176 1729 2291 1759 Salzeb.

1582 1782 1717 1810 promOV.
1735 1772 1766 1801 in
1784 1783 1882 1811 epum.
1902 1773 2075 1808 Laventin.;
2105 1774 2132 1803 A
2143 1773 2152 1803 l
2165 1784 2194 1803 m
2207 1785 2222 1803 e
2234 1774 2269 1803 ri
2283 1792 2292 1795 -

1582 1826 1598 1845 c
1610 1826 1629 1845 u
1641 1826 1655 1845 s
1687 1816 1785 1845 adhuc
1806 1817 1840 1846 el.
1866 1818 1939 1846 1268
1960 1817 2031 1846 Maii
2054 1819 2097 1852 15,
2132 1818 2199 1847 ideo
2222 1820 2294 1849 1267

1581 1860 1716 1890 nondum
1733 1861 1764 1898 †;
1782 1861 1809 1890 D
1820 1861 1830 1890 i
1840 1872 1855 1890 e
1866 1865 1880 1890 t
1890 1871 1905 1890 e
1916 1861 1975 1890 ric
1986 1872 2006 1890 u
2016 1871 2029 1890 s
2047 1872 2106 1891 occ.
2121 1862 2213 1892 etiam
2225 1864 2300 1892 1320

1584 1904 1655 1934 Jun.
1682 1906 1715 1934 21
1743 1905 1805 1942 (Jo.
1831 1906 1927 1934 XXII
1955 1907 2080 1942 11698).

1582 1968 1606 1987 υ.
1632 1958 1813 1996 Leighlinen.

1583 2011 1840 2041 Bernardus
1865 2022 1925 2041 non
1951 2013 1968 2049 †
1996 2013 2077 2047 1201,
2104 2013 2155 2042 sed
2181 2013 2231 2042 trf.
2259 2014 2298 2043 ad

1582 2055 1725 2085 Auxitan.
1760 2056 1804 2093 (P.
1839 2057 1938 2093 1426);
1984 2056 2013 2085 H
2026 2067 2045 2085 u
2057 2067 2075 2095 g
2087 2067 2105 2085 o
2147 2057 2233 2086 adest
2264 2058 2295 2087 ιιι

1583 2099 1670 2129 Curia
1697 2100 1734 2129 R.
1764 2102 1836 2129 1239
1864 2101 1940 2139 Aug.
1969 2102 1986 2129 2
2013 2104 2044 2129 et
2072 2102 2147 2130 1240
2173 2102 2248 2140 Aug.
2280 2103 2291 2131 1

1584 2144 1664 2180 (Gre.
1678 2144 1724 2173 IX
1735 2145 1811 2174 4940
1822 2148 1852 2173 et
1863 2146 1964 2181 5282);
1988 2145 2013 2173 A
2026 2155 2040 2173 r
2051 2155 2072 2173 n
2084 2145 2154 2174 old
2167 2156 2184 2175 o
2196 2147 2295 2183 (1298)

1582 2188 1656 2218 alias
1672 2198 1835 2227 cognomen
1858 2189 1916 2223 „de
1933 2189 2183 2219 Monte-Lutoso“
2206 2190 2293 2227 (Bon.

1582 2232 1659 2261 VIII
1674 2234 1749 2262 3424
1764 2233 1803 2262 ad
1819 2235 1834 2263 7
1851 2233 1928 2262 Nov.
1946 2234 2046 2269 1297);
2076 2233 2102 2262 G
2114 2244 2129 2263 e
2141 2244 2155 2262 r
2167 2244 2185 2263 a
2198 2235 2205 2263 1
2218 2234 2237 2263 d
2250 2245 2269 2263 u
2281 2245 2296 2263 s

1584 2276 1632 2313 (de
1659 2287 1681 2306 s.
1711 2277 1837 2312 Eulalia,
1866 2278 1969 2316 capell.
2000 2277 2028 2306 S.
2058 2278 2114 2314 P.),
2143 2278 2194 2316 qui
2223 2279 2296 2308 1308

1585 2320 1666 2360 Sept.
1686 2323 1722 2350 23
1739 2321 1802 2351 obt.
1821 2322 1877 2351 fac.
1898 2332 1936 2356 „a
1954 2321 2072 2360 quoc.“‚
2092 2323 2166 2351 1308
2184 2323 2261 2352 Nov.
2280 2324 2298 2352 9

1582 2365 1613 2394 in
1642 2365 1725 2394 brevi
1753 2370 1799 2395 est
1827 2376 1936 2395 munus
1964 2376 2093 2395 consecr.
2124 2371 2297 2405 recepturus

1584 2409 1654 2446 (cle.
1677 2410 1703 2438 v
1723 2411 1810 2447 3380)
1829 2433 1835 2439 .

1584 2463 1611 2492 R
1624 2473 1641 2492 o
1653 2462 1673 2492 d
1685 2473 1701 2492 e
1714 2463 1747 2492 ri
1761 2473 1776 2492 c
1788 2474 1808 2492 u
1821 2474 1834 2492 s
1856 2464 1955 2500 (1209)
1977 2463 2016 2492 ad
2038 2463 2135 2493 bienn.
2159 2474 2176 2493 a
2197 2464 2296 2493 collat.

1583 2507 1688 2546 dignit.
1710 2507 1802 2546 ipsius
1823 2508 1892 2537 eccl.
1913 2507 2053 2546 suspend.
2076 2509 2149 2537 1224
2170 2508 2241 2537 Maii
2261 2509 2299 2538 30

1584 2551 1675 2588 (Hon.
1699 2552 1746 2581 III
1768 2553 1869 2588 5023),
1903 2551 1929 2580 A
1943 2553 1952 2588 (
1966 2562 2041 2580 rna
2054 2552 2062 2580 l
2075 2552 2094 2581 d
2107 2562 2151 2581 us
2165 2576 2171 2587 ,
2205 2554 2296 2591 mag.)

1583 2596 1617 2625 el.
1641 2597 1714 2625 1234
1734 2596 1805 2625 Maii
1825 2598 1842 2625 6
1862 2596 1899 2625 al.
1923 2597 1959 2625 13
1980 2596 2060 2633 (Gre.
2083 2596 2129 2625 IX
2151 2598 2223 2627 1907
2244 2598 2295 2633 s.);

1585 2640 1605 2669 J
1617 2651 1634 2669 o
1646 2651 1664 2669 a
1676 2651 1696 2669 n
1708 2650 1728 2669 n
1740 2640 1749 2669 i
1762 2651 1775 2669 s
1798 2640 1901 2669 transl.
1915 2640 1954 2668 ab
1966 2640 2110 2669 Oxomen.
2125 2640 2163 2669 ad
2175 2640 2295 2679 Legion.

1584 2685 1656 2714 1237
1674 2685 1745 2723 Apr.
1764 2687 1781 2714 5
1800 2685 1882 2713 facta
1899 2694 1996 2713 revoc.
2017 2685 2088 2714 1237
2107 2685 2177 2714 Dec.
2196 2686 2214 2714 4
2231 2689 2262 2714 et
2279 2687 2296 2714 6

1582 2728 1687 2758 diebus
1712 2733 1781 2767 post
1807 2728 1898 2767 capit.
1925 2728 2018 2757 alium
2044 2728 2149 2767 eligere
2174 2728 2298 2768 jubetur

1583 2773 1613 2810 (l.
1643 2783 1667 2803 c.
1698 2775 1799 2810 3969);
1840 2773 1871 2801 Μ
1883 2783 1900 2801 a
1914 2783 1927 2801 r
1940 2772 2007 2801 tin
2020 2782 2039 2801 u
2051 2783 2065 2801 s
2105 2774 2203 2810 (1254)
2234 2777 2299 2802 erat

1582 2817 1714 2846 subdiac.
1730 2818 1794 2855 (cfr.
1810 2817 1875 2846 Inn.
1891 2817 1933 2845 IV
1947 2818 2021 2846 6232
2034 2817 2073 2846 ad
2086 2818 2123 2846 28
2138 2817 2206 2847 Jan.
2223 2819 2296 2847 1253

1582 2866 1613 2890 et
1635 2863 1711 2891 8300
1734 2862 1772 2890 ad
1796 2862 1832 2890 28
1858 2861 1919 2890 Jul.
1947 2862 2043 2898 1254).

1585 2916 1657 2944 1248
1679 2915 1764 2944 Febr.
1789 2916 1824 2943 22
1847 2914 1913 2943 Inn.
1938 2914 1981 2942 IV
2003 2915 2099 2951 (3675,
2123 2915 2155 2944 P.
2180 2916 2215 2944 12
2227 2916 2295 2951 846)

1582 2959 1681 2988 sedem
1698 2959 1736 2988 ad
1754 2959 1851 2988 locum
1867 2958 2012 2988 tutiorem
2028 2959 2182 2988 transferri
2198 2958 2294 2997 jubet.

2096 3019 2144 3053 4*
