2436 3328
621 156 820 197 Tei-visin..
844 156 1055 197 Theman..
1079 157 1270 199 Thenatin„
1294 157 1480 202 Theben..
1505 158 1742 197 Thefelieen.
2230 163 2297 196 249

57 222 136 294 glus.
157 257 244 289 Petri
264 256 375 296 σαι-(1.4)

527 258 713 293 Laurentius
732 259 855 302 (Zane),
878 270 946 301 aep.
972 260 1160 302 Spalatenfi)
1481 260 1557 294 1473
1578 261 1655 306 Apr.
1678 262 1718 292 28
1772 261 1841 292 Obl.
1865 263 1914 299 83,
1937 262 1975 293 27

57 314 119 350 ἅτ.
139 309 233 343 Laut.
255 309 296 342 ad
317 309 455 342 Brixien.
529 311 695 351 Joannesss)
722 311 865 351 (d’Aori),
890 323 959 354 aep.
987 313 1147 355 Spalaten.
1482 313 1558 344 1478
1580 313 1655 354 Apr.
1679 315 1697 344 6
1773 314 1892 345 Sehede
1914 315 1946 346 di
1970 315 2121 357 Garampi

58 363 129 401 eb.
149 363 220 395 Joa.
240 363 331 403 (1485
348 363 424 394 Feb.
446 364 495 403 15)
526 364 672 396 Nicolaus
694 364 844 402 Francus,
867 376 916 406 ep.
939 366 1100 398 Parentin.
1480 367 1558 397 1485
1580 366 1655 397 Feb.
1678 368 1714 397 21
1772 367 1841 398 Inn.
1865 368 1945 399 VIII
1967 368 2038 399 Lat.
2062 380 2090 400 a.
2116 370 2129 399 1
2153 369 2173 400 l.
2196 369 2214 400 7
2236 370 2257 401 f.
2280 371 2300 401 8

54 415 128 449 zob.
149 415 271 448 Nioolai
293 416 397 456 (1499)
526 417 703 449 Bernnrdus
726 418 855 458 (Rossi),
877 429 926 460 ep.
950 419 1112 451 Bellunen.
1137 420 1168 459 (†
1192 420 1281 459 1527)
1481 420 1557 450 1499
1580 420 1659 460 Aug.
1686 421 1721 450 16
1771 421 1823 451 AC
1845 421 1965 453 Camer.
1989 421 2015 459 Ι,
2038 421 2076 452 77

605 553 807 588 'rhemen-
832 553 999 596 (Teano)
1022 555 1056 587 in
1080 555 1175 587 Italia
1195 555 1300 595 infer„
1325 556 1415 588 suffr.
1442 556 1590 598 Capuan.
1616 556 1697 598 (250
1721 556 1767 594 ss.)

52 638 127 690 eb.
150 645 283 677 Joannis
306 646 410 685 (1443)

55 695 140 740 εισι».
161 697 290 729 Martini
313 699 402 738 1458)

52 746 126 787 eb.
147 751 216 783 Nic.
239 751 323 783 card.

52 795 126 846 ᾗσι».
147 804 219 836 Ursi
236 799 280 836 ‘de
301 804 372 836 Urs.

525 647 681 678 Martinus
706 646 821 686 (Pales)
848 646 887 679 de
914 646 1041 678 Belinzo
1068 647 1104 679 Ο.
1131 648 1207 679 Cist.

525 692 671 731 Nicolaus
697 698 735 738 (F
737 692 922 740 ortiguerra)
948 700 987 731 de
1013 700 1185 740 Pistorio,1)
1211 700 1273 731 obl.
1299 711 1331 732 se
1357 711 1436 742 pere.

1481 650 1557 679 1443
1580 649 1655 680 Feb.
1678 651 1717 680 25

1481 702 1558 732 1458
1580 702 1661 733 Nov.
1685 704 1724 733 25

1772 649 1841 681 obl.
1865 651 1913 688 66,
1937 652 1975 681 62

1772 702 1841 734 obl.
1865 703 1913 740 76,
1939 705 1995 734 162

1480 754 1558 785 1474
1582 755 1676 786 Mart.
1702 757 1741 786 22

1480 809 1557 838 1495
1579 808 1659 849 Aug.
1685 809 1721 839 19

525 753 623 784 ‘Ursus
646 752 697 792 (de
719 753 864 792 Ursinis),
887 764 936 794 ep.
959 753 1145 785 Tricarieen.

524 806 709 837 &auciacus
741 806 865 846 Borgia,
897 806 1036 838 thesaur.
1071 806 1102 838 S.
1135 807 1169 838 P.
1204 808 1273 846 (res.
1309 807 1398 846 1508)
1412 807 1437 846 2)

1772 755 1841 787 Obl.
1865 758 1913 794 83,
1936 758 1974 787 32

1771 809 1822 840 AC
1845 809 1964 841 Camer.
1988 810 2014 847 I,
2037 811 2076 841 44

625 950 809 985 Thoatin.
834 949 992 991 (Ohieti)
1016 951 1051 983 in
1075 952 1169 984 Italia
1191 951 1297 992 infer„
1321 952 1452 984 immed.
1478 953 1564 994 subj.
1591 954 1670 993 (500
1691 954 1740 994 ss.)

49 1034 59 1066 ἱ
72 1042 124 1076 ob.
145 1042 262 1074 Marini
280 1044 384 1083 (1438)

41 1104 130 1129 tes
152 1096 247 1138 Bapt.
270 1096 307 1128 el.

42 1146 123 1191 ξοδ.
144 1149 214 1181 Nic.
236 1149 312 1181 Ant.

51 1208 129 1240 ‘sm
151 1202 213 1234 Alf.
235 1202 275 1234 de
296 1202 389 1244 Arag.
412 1202 449 1235 el.

54 1248 123 1289 ‘³'ob.
147 1255 260 1288 Jacobi

49 1301 130 1345 free.
152 1308 234 1341 Oliv.
256 1309 340 1341 card.
521 1310 733 1342 Bernardinus
753 1310 914 1351 Carrapha
937 1310 1102 1350 (ΟΜ-θέαν)

520 1550 687 1581 Bessarion
711 1549 741 1580 S.
764 1549 804 1580 R.
828 1549 865 1580 E.
888 1549 973 1580 card.

76 1679 484 1688 ..........

523 1939 662 1970 «Ioannes
686 1937 865 1978 (Ymmink)
892 1938 928 1970 Ο.
955 1939 1007 1969 Er.
1033 1949 1057 1969 s.
1083 1938 1147 1978 A.1)

521 1992 667 2024 Albertus
688 1991 788 2032 Engel
810 1991 847 2023 Ο.
870 1991 973 2031 Min.2)

40 1975 47 2027 ζ
70 1962 129 2023 «31]
146 1962 279 2022 ,τ’ωὶωέε
299 1962 405 2031 ’(1493)
433 1962 440 1969 ’
477 1962 484 1969 ’

529 2221 659 2248 'tervisin

35 2263 58 2292 ’ᾖ
139 2264 162 2298 ⁴)
180 2264 236 2292 cfr.
266 2265 417 2299 Spalatem,
444 2264 583 2291 Valentin.
612 2267 641 2290 et
667 2264 758 2295 Dien„
786 2265 946 2295 Florentin„
974 2264 1126 2299 ffispalen„

42 2366 43 2371 ¹
139 2353 162 2387 ⁸)
185 2354 239 2386 Qui
261 2353 343 2380 simul
366 2354 396 2379 in
418 2356 490 2388 patr.
515 2353 679 2379 Antiochen.
705 2356 891 2387 promovetur.

141 2397 164 2431 θ)
182 2398 218 2424 ln
230 2398 301 2424 libro
315 2398 404 2432 Oblig.
419 2398 437 2424 1.
453 2406 476 2424 c.
493 2396 664 2429 ,‚Jaoobus“‚
679 2398 727 2431 qui
741 2398 822 2424 simul
836 2398 864 2423 in
879 2406 988 2431 nepum.
1003 2397 1125 2424 Theben.

34 2445 45 2451 ’
68 2445 256 2481 promovetur.

529 2487 666 2514 Tbeanen.

39 2550 54 2554 Ἴ
141 2530 162 2564 ¹)
180 2531 367 2558 vicethesaur.
388 2531 415 2558 S.
434 2531 475 2562 Ρ.,
494 2539 571 2565 prov.
592 2531 624 2557 13
642 2531 713 2557 Nov.
735 2531 809 2556 1458.
850 2530 903 2562 Qui
921 2532 937 2556 5
955 2530 1035 2556 Mart..
1058 2531 1125 2556 1460

37 2565 214 2610 {motus
231 2576 260 2602 in
280 2575 307 2602 S.
327 2575 361 2602 R.
381 2575 414 2602 Ε.
434 2575 509 2602 card.
528 2575 667 2601 retinebat
685 2575 826 2600 ecclesiam
845 2574 983 2600 Theanen.

53 2613 58 2621 '
122 2619 162 2652 ·²)
181 2619 231 2647 Oui
250 2619 361 2646 oonoed.
382 2620 411 2646 in
431 2628 530 2646 comm.
552 2627 625 2645 mon.
647 2627 667 2645 s.
689 2619 827 2645 vincentii
847 2619 882 2644 de
901 2619 1039 2645 Vulturno
1059 2619 1125 2644 null.

24 2680 44 2700 '.
69 2662 156 2691 dioec.
177 2667 207 2690 et
226 2673 247 2690 s.
271 2663 406 2698 Stephani
425 2664 460 2690 de
482 2663 644 2690 Sermoneta
664 2663 749 2690 dioec.
772 2663 907 2689 Terracin.
930 2671 990 2689 vac.
1013 2671 1061 2697 per
1081 2663 1126 2690 ob.

43 2709 51 2722 '¹
69 2706 135 2735 Ursi
154 2708 333 2743 praedeeess„
354 2716 427 2734 mon.
450 2711 545 2734 autem
566 2716 587 2734 s.
610 2708 752 2734 Laurentii
773 2707 905 2733 Aversan.
928 2716 987 2733 vae.
1011 2715 1059 2741 per
1080 2707 1124 2732 ob.

45 2753 50 2758 '
70 2751 156 2787 ipsius
178 2752 241 2779 Ursi
265 2752 376 2778 eoneed.
401 2753 430 2778 in
453 2760 552 2778 comm.
577 2752 723 2786 Baptistae
746 2751 819 2777 eard.
845 2751 879 2777 de
903 2751 1018 2778 Ursinis.

38 2842 44 2847 ”
101 2853 103 2856 ⁴
141 2840 163 2873 ι)
183 2840 211 2868 S.
228 2840 282 2875 pal.
300 2843 389 2874 apost.
407 2840 525 2866 auditor.
542 2855 578 2859 —
593 2841 630 2867 M.
648 2841 727 2867 Febr.
748 2841 815 2867 1439
832 2849 848 2866 a
865 2848 939 2866 conc.
959 2839 1041 2866 Basil.
1059 2842 1126 2865 tunc

39 2895 57 2919 ς.
71 2883 166 2913 ahi-m
194 2884 307 2919 quidam
333 2885 460 2912 Hieolnm
486 2885 645 2916 Antonius,t
683 2885 730 2918 qui
756 2884 829 2910 idem
856 2883 999 2910 habendus
1025 2886 1068 2909 est
1094 2892 1126 2909 ac

39 2926 48 2960 J<
68 2935 223 2956 moeessor
236 2928 423 2959 Colanvonius,
439 2937 456 2954 a
469 2929 552 2962 capit.
569 2929 681 2955 Theain.
697 2929 729 2954 el.
745 2931 774 2954 et
789 2929 824 2954 ab
839 2928 953 2954 Alfonso
967 2936 1029 2962 rege
1043 2927 1124 2962 Arag.

50 2992 56 2999 η
96 2967 97 2971 ’
123 2981 376 3003 manne-moim-
391 2981 460 3002 moun
476 2982 536 3003 aevi.
570 2982 611 3003 11.-

521 1044 664 1080 Baptista
692 1044 739 1091 de>
761 1044 914 1075 Romanis
945 1045 1089 1085 (Bruna),
1120 1045 1178 1087 leg.
1208 1045 1321 1079 doctor
1333 1046 1357 1086 l)

522 1097 724 1129 colantonius
748 1097 799 1137 (de
823 1097 1022 1138 Valignano),
1047 1098 1176 1130 clericus
1201 1099 1346 1130 Theatin.

522 1150 672 1182 Alfonsus
695 1150 735 1181 de
760 1151 927 1192 Aragonia,
953 1151 1082 1182 clericus
1106 1151 1265 1193 Neapol.²)

524 1204 661 1236 Jacobus
683 1203 722 1235 de
747 1204 853 1241 Bacio,
877 1204 1006 1235 clericus
1029 1204 1172 1246 Neapol„
1196 1205 1301 1246 legum
1324 1205 1436 1236 doctor

524 1257 676 1289 Oliverius
700 1257 814 1288 Carasa
840 1256 871 1288 S.
897 1257 936 1288 R.
963 1257 999 1288 E.
1025 1257 1148 1297 eard.³)‚
1174 1258 1209 1289 in
1232 1258 1349 1289 admin.

523 1603 662 1634 Joannes
687 1602 829 1642 (d’Acri),
854 1606 893 1633 tr.
918 1613 937 1633 a
964 1602 1125 1643 Spalaten.
1150 1602 1191 1633 ad
1216 1603 1397 1642 Tervisin.¹)

521 1655 658 1691 carolus,
685 1656 735 1686 cui
761 1655 888 1687 conced.
915 1656 947 1686 in
973 1666 1087 1686 comm.
1114 1666 1199 1686 mon.
1226 1666 1250 1687 s.
1278 1656 1384 1687 Crucis
1397 1656 1422 1695 2)

520 1886 675 1917 Hentieus
702 1885 814 1916 Wonst
841 1885 877 1916 Ο.
905 1886 980 1916 Min.
1009 1885 1110 1925 (suffr.
1138 1885 1198 1927 epi.
1226 1885 1431 1926 Paderborn.)

523 2045 662 2077 somnes
686 2044 821 2076 Sartoris
843 2045 882 2076 de
904 2045 1071 2076 Tremonia
1093 2044 1130 2076 Ο.
1153 2044 1256 2084 Min.³)

1478 1048 1555 1077 1438
1578 1047 1647 1078 Oct.
1670 1048 1711 1078 20
1769 1047 1838 1078 Obl.
1862 1049 1910 1084 66,
1933 1049 1973 1078 44

1478 1101 1554 1130 1445
1576 1100 1669 1131 Mart.
1703 1102 1739 1131 15
1768 1100 1838 1131 Obl.
1862 1100 1910 1138 72,
1933 1102 1952 1131 8

1478 1154 1554 1183 1488
1577 1153 1651 1184 Feb.
1675 1154 1714 1184 28
1768 1153 1838 1184 Obl.
1862 1155 1910 1191 83,
1936 1155 1993 1184 114
2103 1179 2105 1181 .

1477 1207 1553 1236 1496
1576 1206 1658 1237 Νον.
1684 1208 1720 1237 16
1767 1206 1819 1238 AC
1842 1207 1961 1238 Camer.
1986 1206 2011 1244 I⁷
2035 1208 2074 1238 50

1478 1259 1555 1289 1500
1577 1259 1652 1290 Feb.
1675 1260 1693 1290 2
1767 1260 1819 1290 AC
1841 1260 1962 1291 Camer.
1986 1260 2011 1298 Ι,
2034 1261 2073 1291 82

1477 1312 1551 1342 1501
1575 1312 1652 1343 Dec.
1675 1313 1715 1342 20
1768 1313 1819 1343 AC
1842 1313 1962 1344 Camer.
1986 1313 2012 1351 Ι,
2037 1314 2094 1344 102

752 1454 930 1493 Theben.
955 1456 1147 1499 (Thebae)
1169 1457 1204 1488 in
1227 1457 1374 1497 Graecia,
1398 1459 1550 1499 metrop„
1575 1458 1623 1490 tit.

1479 1551 1557 1580 1440
1771 1550 1890 1582 Schede
1912 1551 1944 1582 di
1968 1551 2119 1593 Garampi

1479 1603 1556 1634 1478
1578 1604 1653 1645 Apr.
1677 1605 1695 1634 6
1770 1604 1839 1635 Obl.
1863 1605 1911 1642 83,
1934 1606 1973 1636 53

1479 1657 1555 1687 1499
1578 1657 1658 1698 Aug.
1683 1658 1719 1687 16
1769 1657 1817 1688 Al.
1840 1657 1886 1689 VI
1907 1657 1979 1689 Lat.
2002 1669 2031 1689 a.
2054 1659 2072 1689 6
2093 1658 2112 1690 l.
2134 1659 2172 1689 22
2193 1658 2215 1690 f.
2239 1659 2296 1689 146

652 1790 897 1826 'l'hefelioen-
922 1791 1058 1833 (Tiflis)
1082 1793 1118 1824 in
1141 1791 1291 1833 Georgia,
1317 1792 1408 1824 suffr.
1433 1793 1630 1833 Sultanien.‚
1655 1794 1705 1825 tit.

1475 1887 1552 1916 1463

1475 1940 1552 1970 1469
1576 1939 1653 1970 Julii
1678 1940 1715 1970 10

1475 1993 1551 2023 1493
1574 1992 1649 2033 Apr.
1675 1993 1712 2023 18

1475 2045 1551 2075 1507
1574 2045 1649 2086 Apr.
1673 2046 1711 2076 29

1768 1886 1887 1918 Sohede
1909 1887 1942 1918 di
1967 1887 2118 1928 Garampi

1766 1939 1836 1970 Obl.
1859 1941 1908 1977 83,
1934 1941 1971 1971 13

1765 1992 1814 2023 Al.
1837 1993 1882 2024 VI
1903 1992 1974 2024 Lat.
1996 2004 2024 2024 a.
2048 1995 2061 2023 1
2083 1993 2103 2024 l.
2124 2004 2170 2034 pr.
2191 1993 2213 2025 f.
2234 1995 2294 2025 213

1768 2045 1887 2077 Schede
1909 2046 1941 2077 di
1967 2046 2118 2087 Garampi

1233 2221 1273 2252 (et
1291 2220 1408 2252 Siciliae)
1426 2220 1589 2252 commend„
1614 2229 1639 2247 a.
1660 2221 1695 2247 24
1713 2229 1806 2255 agens,
1830 2221 2019 2248 confirmatur.
2052 2222 2106 2248 Cfr.
2126 2222 2243 2249 Joannis
2259 2222 2294 2248 de

1235 2264 1351 2299 Segovia
1367 2264 1440 2291 Hist.
1459 2273 1534 2290 cone.
1556 2265 1639 2291 Basil.
1661 2265 1703 2291 ed.
1726 2265 1876 2291 Birk-Baer
1895 2266 1949 2297 ΙΙΙ,
1969 2266 2029 2292 235.

1302 2308 1324 2341 ²)
1343 2309 1386 2335 De
1404 2317 1499 2343 regum
1516 2317 1616 2343 genere
1634 2312 1803 2343 procreatus.

1302 2353 1324 2386 ³)
1344 2353 1523 2379 Desideratur
1538 2353 1614 2387 apud
1628 2353 1710 2380 Gams
1725 2362 1751 2388 p.
1769 2355 1828 2382 876.
1861 2354 1913 2381 Oui
1931 2354 1958 2381 S.
1976 2354 2006 2381 P.
2024 2355 2069 2380 die
2084 2355 2117 2382 27
2134 2355 2206 2381 Nov.
2226 2355 2293 2381 1499

1232 2406 1317 2423 unam
1336 2397 1400 2423 ech
1421 2398 1449 2423 in
1468 2400 1551 2432 regno
1570 2398 1685 2432 Neapol.
1706 2398 1807 2424 valoris
1826 2399 1878 2425 600
1897 2399 1959 2424 duc.
1980 2402 2177 2426 reservaverat.
2216 2399 2247 2425 L.
2268 2407 2291 2425 e.

1232 2441 1251 2467 f.
1271 2442 1313 2468 80.
1351 2441 1405 2468 cfr.
1426 2442 1601 2476 Neapolitan.

1302 2485 1324 2518 ⁴)
1344 2486 1421 2512 Prior
1434 2486 1497 2512 eccl.
1513 2495 1534 2512 s.
1551 2486 1615 2513 Joh.
1631 2486 1667 2512 ad
1681 2495 1756 2512 mare
1770 2487 1895 2521 Neapol„
1910 2495 1996 2521 nepos
2009 2487 2080 2513 illius
2094 2487 2178 2519 card„
2193 2487 2293 2513 nobilis

1233 2530 1260 2563 (†
1282 2531 1368 2562 1505).

1713 2576 1832 2603 rhaban.

1303 2627 1324 2660 ¹)
1343 2627 1390 2654 Ita
1412 2631 1445 2653 ut
1467 2628 1530 2653 ecel.
1555 2627 1677 2654 Theben.
1702 2631 1731 2654 et
1753 2628 1886 2655 Tervisin.
1911 2629 1993 2655 simul
2016 2631 2118 2655 teneat.
2165 2628 2199 2654 In
2221 2628 2292 2655 libro

1233 2671 1294 2698 Obl.
1314 2672 1331 2698 1.
1351 2680 1373 2698 c.
1394 2672 1550 2706 appellatur
1569 2672 1739 2703 „haobus‘fi

1302 2716 1324 2748 ³)
1344 2715 1524 2750 Burdegalen.
1543 2716 1575 2742 Ο.
1595 2716 1622 2742 S.
1641 2716 1673 2742 B.
1691 2725 1751 2742 vac.
1771 2725 1819 2750 per
1834 2718 1931 2751 resign.
1946 2717 2072 2743 Andreae
2085 2717 2158 2743 card.
2172 2716 2290 2751 Burdeg.

1682 2787 1844 2814 Theiouoen.

1303 2839 1324 2871 ¹)
1343 2839 1394 2865 Cui
1413 2839 1523 2865 coneed.
1544 2839 1596 2865 fac.
1618 2847 1704 2865 exerc.
1726 2840 1825 2874 pontif.
1846 2840 1874 2865 in
1894 2840 1946 2866 civ.
1967 2842 1996 2866 et
2014 2840 2100 2866 dioec.
2122 2839 2290 2867 Paderborn.

1303 2883 1324 2915 ²)
1344 2883 1393 2910 Cui
1413 2883 1523 2909 eonced.
1544 2883 1596 2909 fac.
1617 2892 1704 2909 exere.
1726 2883 1824 2918 pontif.
1845 2885 1875 2910 in
1894 2884 1945 2910 civ.
1967 2887 1996 2910 et
2014 2884 2100 2910 dioeo.
2122 2884 2289 2911 Paderborn.

1303 2927 1325 2960 ³)
1346 2927 1429 2954 Suflr.
1449 2936 1571 2961 eperum.
1592 2928 1759 2954 Paderborn.
1780 2931 1809 2954 et
1827 2928 1947 2954 Mindon.

2082 2978 2122 3009 32
