2436 3328
160 140 202 172 50
917 136 1386 182 .App.1.lhnmnatkuum
1408 136 1460 171 ad
1483 137 1584 180 part
1605 136 1625 170 1

158 238 304 267 Albanen.
333 237 423 266 modo
449 236 604 275 praedicto
630 246 695 265 vac.
723 236 875 275 promovit
903 236 1063 275 Georgium
1089 236 1136 265 tit.

159 292 182 311 s.
208 282 319 311 Mariae
344 285 381 310 tr.
408 280 474 310 Tib.
509 280 606 319 presb.
641 280 720 310 card.
756 280 1040 315 „Ulixbonensem“.
1089 279 1139 309 Ac

159 326 274 356 Camer.
292 326 315 360 I,
334 327 378 355 17.
421 325 477 360 Qui
495 324 639 364 Georgius
654 325 742 354 finito
757 325 932 354 consistorio
946 324 986 354 ab
1001 324 1139 354 omnibus

157 370 239 400 card.
262 370 300 399 ad
322 369 469 408 palatium
493 369 690 399 habitationis
710 379 781 398 suae
802 368 891 407 juxta
912 368 981 398 eccl.
1004 379 1026 398 s.
1050 368 1138 398 Laur.

158 414 190 444 in
211 414 281 443 Luc.
304 413 470 442 associatus
491 417 545 442 est.
588 413 697 442 Burch.
720 413 801 442 Diar.
824 413 842 442 l.
864 423 888 442 c.
912 413 936 447 Ι,
958 414 1023 442 423.

637 505 741 540 1492.

236 566 327 595 Man.
343 565 382 594 22
406 564 487 594 card.
503 564 541 594 de
556 564 686 599 Medicis,
714 564 765 603 qui
780 564 828 593 die
843 566 860 593 9
876 564 964 593 Mart.
983 565 1055 593 1489
1070 573 1139 592 cum

160 610 292 649 quinque
312 609 377 639 aliis
396 607 477 638 card.
498 613 572 638 tunc
591 608 753 647 publicatis
773 608 802 637 in
826 608 854 637 S.
877 608 913 637 R.
937 608 970 636 E.
992 607 1072 637 card.
1094 617 1139 636 as-

158 659 297 693 sumptus
311 658 342 683 et
354 658 473 683 creatus
486 653 553 688 fuit,
568 652 665 682 missis
678 653 734 682 sibi
748 652 930 682 Florentiam
944 652 1058 690 capello
1070 662 1139 681 cum

158 698 270 728 annulo
293 702 324 727 et
347 698 438 727 titulo
461 708 484 727 s.
510 697 622 726 Mariae
645 697 676 726 in
701 697 820 731 Domn.‚
846 707 914 726 cum
939 695 1139 735 prohibitione

159 747 261 772 tamen
272 752 421 782 expressa,
441 751 478 771 ne
488 741 533 776 iis,
555 741 626 780 quia
636 741 667 770 in
680 742 714 771 15
725 741 834 770 aetatis
845 751 916 770 suae
927 751 1006 770 anno
1017 745 1139 770 tantum

157 786 342 817 constitutus
366 790 440 821 erat,
466 786 546 815 intra
572 785 734 815 triennium
760 790 902 819 uteretur,
930 785 985 814 hoc
1010 784 1139 814 triennio

157 831 361 870 praeterlapso
390 830 512 860 veniens
541 830 578 859 de
608 830 759 859 Florentia
788 829 914 859 intravit
945 829 1057 859 Urbem
1086 839 1139 868 per

157 880 277 914 portam
291 885 314 904 s.
329 875 441 904 Mariae
455 874 492 904 de
506 874 622 913 Populo
635 878 666 903 et
680 874 760 903 facta
774 884 810 903 ex
826 884 906 903 more
919 873 1054 902 oratione
1067 878 1139 902 ante

157 920 252 949 altare
262 919 355 958 ipsius
365 919 434 948 eccl.
446 918 474 948 b.
486 918 598 948 Mariae
607 918 645 947 de
656 918 728 957 Pop.
740 918 866 947 intravit
876 917 1025 947 ambitum
1036 927 1138 947 mona-

157 964 239 994 sterii
252 963 320 993 huic
332 964 401 993 eccl.
415 963 556 1001 contigui,
571 962 622 992 ubi
634 962 660 991 ei
673 962 752 992 card.
767 962 907 992 Ulixbon.
921 962 1043 992 obviam
1055 962 1139 991 venit

157 1012 189 1038 et
199 1008 400 1038 confectiones
410 1007 594 1046 praesentari
606 1007 684 1036 fecit.
706 1007 808 1036 Altera
818 1006 866 1036 die
877 1006 957 1036 card.
969 1006 1007 1036 de
1017 1006 1139 1036 Medicis

157 1052 187 1082 in
198 1052 248 1082 illo
258 1052 447 1086 monasterio,
459 1051 510 1080 ubi
521 1056 643 1090 propter
651 1051 770 1089 pluvias
779 1051 932 1086 remansit,
943 1061 961 1080 a
970 1051 1046 1080 dnis.
1057 1050 1137 1080 card.

157 1101 294 1136 receptus
313 1101 344 1126 et
363 1096 402 1125 ad
421 1095 568 1135 palatium
588 1100 684 1134 apost.
706 1095 870 1125 associatus
889 1100 935 1125 est
954 1095 1140 1134 recipiendus

158 1151 176 1170 a
194 1141 223 1170 S.
242 1141 284 1175 P..
302 1151 319 1170 a
336 1151 396 1180 quo
411 1140 437 1169 ei
453 1140 501 1169 die
517 1141 554 1169 26
571 1140 658 1169 Mart.
676 1144 816 1178 apertum
832 1144 877 1169 est
893 1150 934 1169 os.
967 1139 1010 1169 Cf.
1029 1139 1138 1169 Burch.

158 1185 240 1214 Diar.
263 1186 280 1214 l.
302 1195 326 1214 c.
351 1185 374 1219 1,
395 1186 556 1214 450—460.

235 1238 316 1267 Maii
330 1238 366 1268 11
394 1238 468 1267 feria
484 1237 525 1266 VI
545 1237 678 1267 Joannes
693 1237 773 1266 card.
790 1237 828 1266 de
843 1237 965 1267 Medicis
980 1237 1010 1266 in
1026 1242 1140 1266 secreto

157 1283 333 1312 consistorio
348 1286 467 1312 creatus
482 1286 527 1311 est
544 1282 659 1320 legatus
674 1281 711 1311 de
727 1282 819 1311 latere
834 1282 958 1311 Tusciae
973 1286 1004 1311 et
1020 1281 1138 1311 Floren-

159 1327 232 1362 tiae;
262 1327 313 1366 qui
331 1326 507 1356 consistorio
525 1326 612 1355 finito
629 1325 669 1355 ab
686 1326 826 1355 omnibus
842 1326 922 1355 card.
942 1335 1036 1365 usque
1053 1331 1140 1355 extra

158 1376 277 1410 portam
298 1370 437 1400 Viridarii
457 1370 622 1400 associatus
643 1380 723 1400 more
743 1370 839 1405 solito,
862 1370 943 1400 {acto
963 1370 1089 1409 prandio
1109 1370 1139 1399 in

157 1416 246 1445 vinea
272 1415 408 1445 Falconis
435 1414 580 1444 Sinibaldi
605 1420 757 1454 protonot.
784 1419 881 1454 apost.
907 1419 937 1444 et
963 1414 1138 1444 thesaurarii

156 1459 310 1499 generalis,
328 1459 448 1489 recessit
464 1459 568 1488 eadem
584 1459 632 1488 die
648 1459 704 1488 iter
720 1469 771 1498 per
787 1459 969 1488 Florentiam
985 1459 1137 1498 arripiens.

158 1504 190 1534 L.
213 1515 237 1534 c.
261 1515 288 1543 p.
311 1506 375 1534 475.

232 1558 314 1587 Julii
328 1557 368 1587 24
395 1556 570 1586 Federicum
586 1556 623 1586 de
639 1567 662 1586 s.
683 1556 824 1586 Severino
839 1556 878 1586 ab
896 1556 997 1586 Innoc.
1017 1556 1091 1586 VIII
1108 1556 1139 1586 in

160 1602 189 1631 S.
209 1602 244 1631 R.
263 1602 296 1631 E.
314 1601 394 1631 card.
412 1601 460 1630 die
475 1602 494 1630 9
510 1601 598 1630 Mart.
618 1602 690 1630 1489
707 1606 888 1640 promotum,
906 1601 957 1630 sed
973 1600 1004 1630 in
1020 1605 1139 1640 pectore

159 1650 344 1676 reservatum
361 1645 556 1684 nondumque
573 1645 770 1684 publicatum,
788 1645 836 1674 die
853 1647 888 1675 24
908 1645 969 1675 .Ιιι1.
990 1646 1062 1675 1492
1081 1645 1138 1674 Ro-

159 1701 239 1720 mam
256 1690 376 1730 petiisse
391 1694 422 1719 et
437 1689 515 1719 inter
529 1695 643 1719 ceteros
660 1689 688 1719 S.
707 1689 743 1719 R.
762 1690 795 1719 E.
812 1689 891 1719 card.
909 1695 1061 1728 receptum
1077 1700 1139 1719 esse

157 1739 286 1764 constat.

236 1788 317 1817 Julii
327 1787 365 1817 25
387 1787 416 1816 in
428 1787 476 1817 die
487 1797 510 1816 s.
525 1787 542 1816 J
546 1787 641 1821 scobi,
653 1792 739 1816 sexta
751 1787 797 1816 vel
809 1787 937 1826 septima
950 1787 1021 1817 hora
1033 1788 1138 1821 noctis,

161 1836 297 1862 mortuus
324 1836 369 1861 est
398 1831 591 1861 Innocentius
619 1831 704 1865 VIII,
733 1831 819 1870 cujus
845 1831 946 1861 anima
973 1832 1140 1871 requiescat

160 1876 190 1906 in
211 1886 293 1915 pace.
336 1876 367 1905 L.
389 1887 414 1905 c.
436 1886 464 1914 p.
486 1877 551 1905 491.

236 1930 310 1967 Auq.
330 1930 349 1959 3
377 1929 425 1958 die
444 1929 567 1959 Veneris
586 1929 713 1959 Maffeus
732 1929 769 1958 de
790 1929 928 1959 Gerardis
948 1935 1025 1968 patr.
1047 1929 1139 1959 Vene-

159 1974 279 2009 tiarum,
298 1974 346 2003 cui
364 1973 479 2004 dudum
498 1973 527 2003 in
545 1973 610 2012 ejus
627 1973 776 2003 creatione
794 1973 832 2003 ad
850 1974 1070 2003 cardinalatum
1088 1984 1140 2013 per

160 2019 226 2048 Inn.
246 2018 319 2047 VIII
338 2018 386 2047 die
402 2020 420 2047 3
439 2018 500 2047 Jul.
521 2019 593 2047 1489
610 2018 761 2048 indultum
779 2018 886 2052 fuerat,
905 2024 939 2047 ut
956 2018 985 2048 in
1003 2018 1139 2058 proxima

159 2062 309 2092 creatione
324 2062 520 2092 cardinalium
535 2067 589 2092 aut
604 2062 668 2101 ipso
684 2062 859 2092 Innocentio
873 2062 1035 2092 decedente
1051 2062 1139 2092 habe-

159 2111 242 2136 retur
258 2117 312 2146 pro
327 2106 490 2146 publicato,
507 2107 735 2146 superveniente
751 2107 837 2136 obitu
853 2106 986 2146 ejusdem
1006 2107 1034 2137 S.
1054 2107 1085 2136 P.
1103 2117 1139 2136 ex

161 2151 294 2180 Venetiis
310 2151 436 2180 intravit
454 2151 565 2181 Urbem
583 2161 635 2190 per
650 2156 769 2190 portam
788 2151 815 2180 b.
834 2151 944 2181 Mariae
961 2151 998 2181 de
1016 2152 1139 2191 Populo,

161 2195 213 2225 ubi
235 2195 340 2225 eadem
364 2200 451 2224 nocte
475 2196 572 2225 fuerat
597 2195 775 2234 hospitatus,
800 2200 830 2225 et
852 2195 900 2225 die
920 2195 1011 2225 Sabb.
1028 2197 1044 2225 4
1067 2195 1140 2226 dicti

160 2239 278 2274 mensis,
291 2239 456 2269 associatus
468 2250 485 2268 a
497 2239 576 2269 card.
590 2239 627 2268 de
641 2239 765 2269 Sabellis
776 2244 806 2269 et
818 2240 855 2269 de
868 2240 991 2274 Ursinis.
1005 2245 1142 2279 receptus

158 2283 215 2313 fuit
225 2283 263 2313 ad
273 2284 407 2313 osculum
419 2284 500 2323 pacis
509 2293 526 2313 a
536 2283 737 2313 cardinalibus
747 2284 946 2314 existentibus
955 2284 1142 2323 congregatis

1160 412 1217 442 538

1159 1184 1216 1213 539

1159 1504 1218 1533 540

1160 1734 1214 1764 541

1160 1877 1216 1906 542

157 2328 187 2357 in
200 2328 335 2357 sacristia
348 2328 410 2357 bas.
425 2327 517 2367 princ.
531 2333 628 2367 apost.
641 2328 678 2357 de
692 2328 781 2357 Urbe.
815 2329 864 2358 AC
884 2329 1004 2358 Miscell.
1020 2329 1066 2358 111
1081 2329 1100 2358 f.
1116 2330 1140 2359 l.
1162 2330 1220 2359 543

235 2382 310 2419 Auq.
332 2382 367 2411 11
401 2382 587 2411 Octavianus
607 2382 644 2411 de
667 2382 815 2411 Fornariis
836 2382 958 2411 clericus
981 2382 1143 2412 Januensis

161 2428 282 2465 (postm.
300 2436 346 2465 ep.
362 2426 527 2462 Marenen.)
541 2426 571 2455 in
583 2426 718 2455 conclavi
731 2431 832 2455 creato
845 2426 1016 2456 Alexandro
1029 2426 1070 2456 vl
1086 2427 1143 2456 fuit

165 2470 276 2500 electus
291 2481 344 2509 pei·
360 2480 477 2500 sacrum
495 2470 650 2509 collegium
666 2470 746 2500 card.
764 2470 793 2499 in
809 2471 947 2500 clericum
968 2476 997 2500 et
1016 2477 1142 2501 secreta·

158 2514 235 2544 rium
258 2514 331 2544 dicti
354 2514 468 2553 collegii
492 2525 556 2544 vac.
581 2525 633 2553 per
655 2514 761 2553 resign.
788 2515 914 2544 ‚Ioannis
938 2515 1028 2554 Lopis
1051 2515 1143 2554 ipsius

157 2559 222 2588 coll.
238 2559 335 2588 ultimi
347 2559 444 2588 clerici
457 2559 521 2596 (cir.
535 2569 625 2598 supra
640 2559 694 2593 IX,
710 2560 756 2595 17)
770 2558 799 2588 in
813 2559 951 2588 manibus
963 2560 1143 2590 sanctissimi

158 2602 271 2632 domini
290 2603 384 2632 nostri
403 2608 433 2632 et
452 2614 474 2632 s.
494 2603 607 2641 collegii
627 2603 753 2638 factam;
773 2608 804 2632 et
821 2603 869 2632 die
890 2605 924 2633 18
942 2603 1015 2633 dicti
1035 2605 1144 2634 mensis

162 2647 324 2676 Laurentio
335 2647 382 2676 tit.
395 2657 417 2676 s.
430 2647 574 2677 Caeciliae
585 2647 682 2686 presb.
694 2647 774 2677 card.
788 2647 962 2681 Benevent„
981 2649 1144 2678 camerario

159 2691 251 2730 ipsius
268 2691 390 2730 collegii,
408 2691 519 2721 detulit
534 2691 739 2730 juramentum
757 2691 878 2721 solitum
895 2691 932 2721 de
949 2692 1144 2722 observandis

158 2736 283 2764 statutis
302 2735 394 2774 ipsius
412 2735 525 2774 collegii
544 2741 600 2765 etc.
638 2735 682 2765 De
701 2746 761 2775 quo
780 2740 901 2774 rogatus
920 2736 978 2765 fuit
998 2737 1144 2766 Henricus

159 2779 287 2813 Brunus,
316 2779 408 2809 etiam
435 2780 507 2809 dicti
535 2780 599 2809 coll.
628 2780 750 2809 clericus
778 2782 900 2819 (postm.
928 2791 974 2819 ep.
1007 2781 1142 2813 Hortari..

159 2824 211 2853 cfr.
234 2823 300 2853 infr.
322 2834 350 2853 n.
371 2826 454 2861 578);
475 2829 506 2853 et
518 2824 704 2853 Octavianus
717 2824 871 2863 praefatus
885 2824 991 2854 habuit
1006 2830 1144 2863 patentes

158 2867 231 2897 dicti
244 2868 289 2897 sui
302 2868 392 2897 officii
407 2868 563 2897 clericatus
576 2868 605 2897 in
618 2868 714 2898 forma
726 2868 814 2898 solita
827 2869 1009 2907 registratas.
1058 2869 1093 2898 N.
1109 2869 1142 2899 B.

163 2912 305 2951 Sequitur
332 2916 417 2941 tenor
444 2912 560 2942 illarum
588 2913 767 2951 patentium.
822 2912 853 2942 L.
881 2923 906 2942 c.
934 2913 954 2942 f.
985 2914 1008 2942 1.

1165 2915 1222 2944 544

1399 235 1474 273 Auq.
1487 235 1524 264 31
1547 234 1596 264 die
1608 234 1731 264 Veneris
1742 234 1827 264 Alex.
1841 234 1884 264 VI
1896 234 1994 265 insuo
2005 234 2316 294 consistorium
2336 243 2338 245 ’
2370 250 2379 256 ·-
2409 232 2426 250 ’“’

1321 279 1437 309 creavit
1455 289 1507 308 sex
1526 278 1693 308 cardinales
1712 278 1827 317 legatos
1845 278 1884 308 de
1903 278 1996 309 latere
2015 289 2070 319 pu·
2086 279 2223 311 divum·
2238 278 2316 321 pm*

1322 323 1436 353 vincias
1451 327 1483 353 et
1497 322 1602 353 mundi
1616 326 1727 362 partes,
1753 322 1842 353 videl.
1859 323 2017 354 Julianum
2031 333 2079 363 ep.
2094 323 2219 356 Onam.
2222 322 2307 357 med.
2320 353 2324 357 ,
2338 325 2365 354 Εὖ

1322 378 1344 397 s.
1360 367 1442 397 Petri
1455 367 1495 397 ad
1508 367 1586 396 vinc.
1601 366 1759 402 Avinione‚
1774 367 1904 397 Paulum
1917 367 1966 397 tit.
1979 377 2004 398 s.
2020 367 2307 408 SixtipmbAimL
2328 370 2363 386 ·”

1323 411 1527 442 Januensem'
1519 421 1551 441 ui
1562 411 1738 450 Campania,
1752 411 1904 442 Joannem
1915 411 2008 451 Bapt.
2019 411 2097 442 disc.
2109 411 2192 444 mu.
2202 410 2243 444 ab

1322 455 1406 485 bellis
1429 456 1459 485 in
1482 455 1550 485 duc.
1577 455 1749 495 Spoletano,
1775 455 1926 486 Joannem
1950 455 2032 495 Bapt
2063 455 2142 488 diac.
2164 456 2246 489 eund.

1322 500 1464 530 Ursinis
1456 510 1487 529 in
1507 499 1648 535 marchia,
1668 499 1854 530 Aschaiiium
1872 499 1948 531 diac.
1968 499 2050 531 card.
2069 504 2102 532 et
2118 499 2318 552 Μ

1321 545 1361 574 ad
1375 545 1432 574 civ.
1451 544 1613 579 Bononiae,
1630 544 1782 574 Joannem
1796 544 1873 574 diac.
1889 544 1970 574 card.
1985 544 2024 575 de
2038 544 2183 576 Medicis
2174 554 2218 579 ιι
2271 543 2293 554 ”

1322 588 1508 618 Patrimonii.
1550 589 1583 618 L.
1605 599 1630 618 c.
1653 588 1673 618 f.
1695 589 1722 618 2.

1400 633 1475 671 Auq.
1491 633 1528 663 31
1557 633 1585 662 S.
1602 633 1635 662 P.
1651 633 1683 662 in
1696 643 1752 662 suo
1765 633 1943 663 consistorio
1956 637 2080 670 secreto,
2095 633 2242 667 utne-i·

1322 682 1408 707 motu
1423 677 1544 717 proprio
1559 677 1693 716 providit
1707 677 1848 707 ecclesiae
1862 677 2006 708 Portuen.
2022 687 2088 708 vac.
2104 688 2159 719 per

1322 721 1435 752 tionem
1453 732 1539 751 suam
1557 721 1596 751 ad
1614 731 1767 752 summum
1785 721 1902 761 apicem
1919 722 2109 762 apostolatus
2125 722 2194 754 de

1323 766 1450 796 Joannis
1462 766 1519 805 epi.
1534 765 1718 796 Praenestin.
1731 765 1812 796 card.
1825 776 1849 796 s.
1862 766 1969 806 Angeli
1979 767 2196 808 nuncupet

1322 810 1506 840 Praenestin.
1518 820 1584 840 vac.
1596 820 1649 850 per
1659 810 1763 840 transl.
1774 810 2032 850 supradicant-d.
2043 808 2245 852 8.Μᾶ
2296 846 2306 852 .

1322 855 1507 884 Praenestin.
1521 854 1561 884 ad
1573 854 1687 884 dictam
1700 855 1843 885 Portuen.
1856 855 1927 885 eccl.
1940 855 1979 886 de
1990 865 2118 896 persona
2142 861 2149 882 ἓ
2287 857 2298 868 ⁴

1323 903 1396 929 tunc
1413 899 1461 928 tit.
1480 910 1503 929 s.
1522 899 1707 938 Chrysogoni
1723 899 1821 938 presb.
1839 899 1920 930 card.
1939 899 2160 932 Rauen-mn

1323 943 1373 973 Ac
1393 943 1508 973 Camer.
1531 943 1554 978 1,
1577 944 1614 974 25

1800 991 1909 1026 1493.

1398 1050 1480 1079 Febr.
1502 1050 1521 1079 4
1552 1049 1628 1080 obiit
1648 1050 1729 1080 card.
1751 1050 1920 1081 Aleriensis.
1962 1050 2022 1081 Oh·-
2045 1050 2174 1085 Bardi.
2195 1087 2199 1090 ,
2224 1088 2237 1091 ..

1322 1094 1547 1129 c.11,36—39
1567 1099 1599 1124 et
1618 1095 1665 1125 47.
2194 1100 2199 1104 '
2230 1095 2232 1098 ’

1398 1139 1479 1168 Febr.
1497 1139 1517 1169 8
1542 1139 1591 1169 die
1609 1138 1731 1169 Veneris
1746 1139 1783 1170 A.
1800 1139 1850 1170 tit.
1867 1150 1891 1170 s.
1909 1139 2054 1170 Praxedis
2069 1132 2288 1185 prob-Q

1323 1183 1501 1213 Anastasiae
1520 1193 1652 1232 nuncup.
1673 1183 1758 1214 fuit
1750 1193 1782 1214 ιι
1800 1184 1978 1215 consistorio
2013 1187 2129 1216 secreto
2146 1182 2296 1227 m

1323 1232 1497 1277 assumptus
1520 1227 1551 1257 in
1575 1227 1773 1259 camerarium
1795 1239 1820 1259 s.
1844 1228 1969 1268 colleffli,
1993 1228 2042 1259 cui
2067 1229 2098 1260 S.
2122 1227 2176 1261 1³
2238 1247 2240 1250 ν

1322 1271 1477 1311 sigillum'
1470 1272 1563 1312 ipsius
1580 1272 1695 1312 collegii
1712 1282 1782 1304 cum
1799 1277 1953 1313 potestate
1970 1273 2152 1305 fulminandi

1322 1315 1411 1355 juxta
1432 1316 1691 1348 consuetudinem.
1731 1317 1782 1348 Ac
1802 1317 1923 1348 Miscell.
1946 1317 2005 1354 111,
2025 1319 2054 1349 ³.
2208 1343 2217 1360 »z
2236 1343 2240 1350 .

1399 1361 1480 1391 Febr.
1506 1361 1546 1391 27
1581 1361 1613 1391 in
1637 1361 1815 1392 consina-io
1839 1366 1955 1393 secreto
1979 1362 2123 1403 Baptista
2146 1370 2172 1395 s.
2229 1399 2235 1404 ,

1323 1415 1420 1435 novae
1437 1405 1514 1436 diac.
1533 1405 1614 1436 card.
1633 1405 1672 1436 de
1689 1405 1831 1437 Ursinis
1822 1416 1854 1437 in
1871 1406 1971 1447 presb.
1988 1406 2070 1438 card.
2088 1406 2286 1448 pm
2287 1445 2294 1449 .

1323 1450 1476 1499 assignato
1491 1450 1517 1480 ei
1535 1450 1583 1480 tit.
1600 1461 1638 1481 ss.
1657 1450 1728 1481 Joh.
1745 1454 1778 1482 et
1793 1450 1888 1482 Pauli.
1925 1450 1983 1488 Qui
1998 1450 2048 1482 die
2064 1452 2100 1483 12
2115 1451 2206 1485 m
2221 1451 2240 1484 1

1323 1498 1396 1524 tunc
1425 1494 1455 1524 in
1483 1494 1663 1525 diaconatus
1690 1494 1795 1526 ordine
1821 1495 2016 1532 constitutus,
2045 1496 2077 1526 in
2103 1494 2234 1530 eoum

1324 1549 1362 1568 ss.
1378 1538 1448 1569 Joh.
1463 1543 1495 1569 et
1508 1539 1614 1569 Pauli'
1606 1549 1637 1570 ui
1650 1539 1861 1580 presbyterum
1873 1539 2040 1571 ordinatur.
2068 1536 2186 1573 Bmh.
2190 1533 2279 1576 Μ

1324 1593 1349 1612 c.
1372 1583 1413 1617 11,
1435 1585 1473 1613 46
1493 1588 1525 1614 et
1544 1585 1580 1614 51
2227 1607 2229 1610 ι
2310 1604 2324 1612 υ

1398 1629 1456 1658 Oct.
1477 1628 1517 1658 20
1546 1627 1595 1658 die
1615 1628 1774 1659 Dominica
1795 1628 1844 1659 Jo.
1866 1629 1915 1660 tit.
1935 1639 1959 1660 s.
1980 1628 2089 1661 vitalis
2107 1626 2232 1670 presb·

1323 1671 1360 1701 de
1386 1672 1554 1703 Comitibus
1580 1673 1661 1712 vulg.
1688 1683 1831 1724 nuncup„
1858 1673 1911 1714 qui
1936 1673 1985 1704 die
2009 1673 2149 1705 nucarii
2200 1707 2202 1710 ,
2228 1677 2230 1679 “

1324 1717 1478 1756 praeteriti
1498 1718 1534 1747 16
1552 1717 1643 1757 hujus
1659 1717 1770 1748 mensis
1786 1717 1871 1748 fuit·
1862 1728 1895 1748 m
1910 1722 2027 1749 secreto
2041 1717 2230 1751 muni-tudo.

1324 1771 1377 1800 per
1396 1761 1425 1791 S.
1445 1761 1477 1791 P.
1497 1761 1603 1791 habito
1620 1761 1717 1792 laetus
1733 1766 1766 1792 et
1781 1772 1882 1798 sanus,
1900 1762 2018 1794 Romae
2034 1762 2065 1794 in
2081 1761 2235 1796 domibus,

1323 1805 1430 1835 solitae
1442 1806 1620 1836 residentiae
1631 1806 1711 1837 diem
1723 1806 1832 1838 claruit
1843 1811 2014 1838 extremum
2025 1807 2057 1838 in
2068 1809 2106 1839 79
2116 1816 2191 1839 sune

1324 1859 1405 1880 anno
1429 1851 1624 1881 constitutus.
1673 1850 1847 1882 nundinale·
1870 1861 1932 1882 non
1957 1855 2108 1882 venerunt
2129 1851 2162 1883 in
2194 1870 2196 1873 -
2215 1871 2217 1876 ,

1327 1904 1413 1924 suam
1427 1905 1509 1925 more
1521 1895 1611 1925 solito
1622 1905 1720 1936 neque
1731 1895 1863 1926 cadaver
1873 1895 1933 1927 luit
1953 1906 1972 1926 a
1993 1896 2136 1936 praelatis
2145 1892 2210 1928 σῖ

1324 1938 1522 1970 cardinalium
1547 1939 1587 1970 sd
1612 1939 1768 1971 ecclesiam
1793 1940 1985 1976 associatum.
2011 1939 2066 1971 sed
2090 1940 2165 1972 20·

1325 1983 1480 2021 (accensis)
1494 1984 1557 2014 sine
1570 1984 1631 2014 ulls
1642 1994 1755 2024 pompa
1765 1989 1913 2016 consueta
1924 1984 1964 2015 ad
1976 1984 2155 2016 ecelesiam

1325 2027 1353 2057 b.
1371 2027 1482 2058 Mariae
1495 2028 1533 2058 de
1548 2028 1684 2059 Arscoeli
1698 2032 1865 2069 portatum
1892 2029 1963 2070 quia
1977 2029 2108 2070 suspicio
2121 2033 2235 2067 ms,

1324 2082 1360 2101 ex
1375 2077 1459 2111 peste
1471 2073 1651 2104 defunctum
1662 2083 1736 2110 esse,
1749 2077 1782 2104 st
1794 2078 1865 2114 post
1876 2084 1946 2105 eum
1958 2074 1990 2104 iii
2004 2075 2040 2105 14
2052 2073 2192 2105 diebus

1326 2117 1359 2146 ll
1387 2127 1423 2146 ex
1449 2117 1511 2147 suis
1535 2117 1732 2148 servitoribus
1755 2117 1787 2148 in
1811 2117 1895 2149 dicta
1919 2118 2012 2149 domo
2035 2118 2130 2150 etism
2152 2123 2193 2151 οἱ
2235 2118 2237 2121 ⁴

1325 2160 1385 2190 Cfr.
1411 2161 1520 2191 Bureh.
1547 2162 1628 2192 Disr.
1652 2162 1759 2202 fragm.
1792 2163 1838 2193 ed.
1865 2161 2200 2206 Ρίορενίιιρσιὶοᾰίσσ

1323 2205 1545 2243 Quanaioeirm
1567 2207 1640 2237 1894
1661 2206 1682 2237 ι.
1704 2208 1770 2237 213.

1400 2250 1516 2280 001.ae
1545 2251 1574 2281 8.
1594 2250 1626 2281 P.
1644 2250 2230 2284 ὥσοσοιίιοδΰιὴσωυιισιιᾰίιι

1326 2294 1462 2324 monium
1486 2295 1524 2324 ad
1549 2295 1725 2326 evitandam
1749 2296 1843 2335 pestis
1866 2296 2076 2336 suspicionem.
2100 2294 2154 2327 ubi
2174 2294 2239 2328 hit

1326 2338 1438 2368 multos
1453 2339 1530 2375 dies;
1558 2339 1667 2370 deinde
1688 2340 1745 2370 ivit
1760 2340 1924 2371 Cornetum
1939 2344 1972 2371 et
1986 2340 2151 2372 Civitatem
2232 2342 2234 2344 ’

1326 2388 1432 2432 postea
1443 2383 1482 2413 sd
1495 2363 1607 2414 Uibem
1619 2389 1761 2419 veterem,
1774 2384 1827 2415 ubi
1838 2385 1897 2415 fuit
1908 2395 1961 2424 pei·
1970 2384 2105 2425 spatium
2115 2387 2188 2416 σθω

1326 2427 1373 2456 vel
1403 2427 1494 2463 circa;
1504 2428 1624 2458 ‘rediit
1651 2428 1761 2459 deinde
1789 2428 1968 2465 Viterbium‚
1998 2433 2152 2470 postremo
2177 2427 2220 2461 d
2244 2420 2315 2462 ffl-

1327 2471 1529 2503 castellanam
1553 2477 1584 2502 et
1609 2473 1746 2503 Fianum.
1793 2473 1850 2504 Die
1874 2483 1945 2504 vero
1969 2473 2057 2504 Jovis
2081 2474 2117 2504 is
2139 2473 2225 2504 Deos
2235 2470 2319 2505 m

1326 2515 1405 2546 idem
1421 2516 1450 2546 8.
1467 2517 1499 2546 P.
1513 2527 1550 2546 ex
1565 2517 1636 2547 locis
1647 2517 1829 2557 supradictis
1842 2517 1959 2548 rediens
1972 2517 2100 2549 intravit
2111 2516 2227 2549 Urbes

1326 2561 1363 2589 22
1380 2560 1495 2600 ivitque
1511 2561 1551 2591 ad
1566 2562 1715 2601 palatium
1731 2572 1754 2592 s.
1773 2562 1863 2598 Petri,
1882 2562 1933 2592 ubi
1949 2573 1967 2592 a
1983 2561 2088 2593 multis
2101 2561 2183 2593 οιαὶ.
2199 2565 2242 2598 st,

1327 2605 1468 2644 praelatis
1488 2615 1523 2635 ac
1542 2605 1723 2636 officialibus
1742 2610 1773 2635 et
1792 2606 1954 2637 curialibus
1973 2606 2139 2637 associatus
2156 2609 2220 2637 esti

1327 2649 1378 2678 AC
1400 2649 1520 2679 Miscell.
1545 2649 1602 2685 111,
1625 2651 1643 2680 4
1665 2654 1697 2680 et
1718 2650 1827 2681 Burch.
1850 2651 1933 2681 Diar.
1956 2651 2062 2690 fragm.
2085 2651 2103 2681 1.
2125 2660 2152 2681 c.
2174 2659 2204 2691 p.
2225 2650 2300 2683 21&

1810 2724 1917 2759 1494.

1406 2782 1478 2821 Apr.
1500 2782 1538 2812 18
1567 2782 1616 2812 die
1637 2782 1759 2812 Veneris
1780 2782 1809 2812 S.
1832 2783 1864 2813 Ρ.
1886 2783 1916 2813 in
1937 2783 2114 2814 consistorio
2132 2786 2256 2820 msto.
2275 2785 2319 2815 1ιὸ

1329 2826 1418 2856 moris
1433 2832 1488 2861 est,
1515 2826 1631 2856 creavit
1646 2827 1778 2866 legatum
1792 2826 1830 2856 de
1845 2827 1937 2858 latere
1951 2827 1991 2857 ad
2005 2827 2063 2858 civ.
2080 2826 2314 2868 Neapolitanum

1330 2870 1480 2900 Joannem
1498 2870 1545 2900 tit.
1563 2881 1586 2900 s.
1606 2871 1761 2901 Susannae
1778 2871 1874 2910 presb.
1893 2871 1973 2902 card.
1992 2870 2245 2911 (Montistsgsl'n),
2261 2879 2313 2902 ισ-
2355 2879 2401 2914 201}

1329 2919 1430 2953 potem
1454 2925 1552 2949 suum,
1575 2914 1614 2944 ad
1637 2915 1875 2945 incoronandum
1897 2915 2055 2946 Alionsum
2078 2914 2313 2956 Neapolitanum
2363 2928 2389 2955 *2‘
