2436 3328
527 283 708 315 Fermmdus
729 283 768 315 de
790 284 918 315 Castilla
941 283 976 315 O.
1002 284 1032 316 S.
1056 285 1092 316 B.

54 305 308 384 1144141.-
305 306 490 313 ·····

69 418 77 423 „
85 412 490 423 ..........

52 622 150 650 um.
172 615 328 655 Antoniil)

48 668 126 717 3301).
147 668 233 700 Petri

46 720 125 758 iob.
142 721 206 753 Isn.
225 722 316 761 (1483
336 722 411 753 Jun.
430 724 481 762 26)

41 952 45 996 ]
72 950 123 984 ob.
145 951 238 992 Aym.
263 952 364 994 (Sept.
391 953 479 992 1450)

35 1043 45 1052 ,Α
71 1014 129 1039 ms.
153 1004 284 1036 Sibondj

32 1084 54 1102 f.
72 1058 124 1099 (tr.
145 1057 239 1090 Laut.
262 1058 303 1090 ad
324 1058 450 1098 Auras.)

30 1120 52 1155 '3
71 1114 110 1143 tr.
136 1111 238 1151 (Jod.)
261 1112 303 1143 ad
329 1111 444 1143 Sedun.

41 1155 48 1191 Γ
70 1167 111 1197 8.
137 1165 210 1196 Jod.
236 1164 277 1196 ad
304 1165 419 1196 Sedun.

523 1060 659 1091 Jodocus
680 1060 719 1091 de
744 1060 877 1092 Sillenen

521 1113 606 1143 idem
627 1113 662 1143 in
682 1113 798 1144 admin.
822 1114 862 1145 ad
884 1116 902 1144 2
925 1125 997 1145 ann.

35 1404 40 1416 ²
67 1394 119 1427 ob.
143 1394 276 1426 Joannis
297 1394 379 1426 Rob.

30 1439 35 1463 L
67 1447 119 1480 ob.
141 1447 220 1479 Mar.
243 1459 312 1490 aep.
336 1449 463 1480 Terent.

28 1504 41 1507 ’
107 1504 140 1533 et
163 1501 281 1533 admin.
309 1501 438 1533 Gravin.

39 1599 41 1602 .
67 1553 118 1587 ob.
142 1554 255 1586 Jacobi
276 1555 381 1595 (1482)

599 1506 758 1543 protonot.
782 1507 884 1544 apost.

66 1915 117 1948 ob.
138 1916 214 1948 Ant.
237 1916 321 1948 card.

65 1968 116 2001 ob.
139 1969 399 2009 Bartholomaei2)

24 2043 37 2065 3
65 2021 116 2054 ob.
138 2022 266 2055 Memmi
289 2024 393 2063 (1452)

28 2084 32 2121 J
66 2075 129 2116 (ob.
153 2075 286 2108 Joannis
309 2075 425 2116 1488)³)

37 2164 39 2166 ,
65 2128 116 2160 ob.
138 2129 306 2161 Andreuoii
329 2129 433 2169 (1497)

133 2367 156 2399 ¹)
174 2367 217 2393 De
237 2367 328 2399 „Ante
348 2367 465 2394 altaria“
485 2367 571 2393 dioec.
592 2366 743 2401 compost„
765 2367 839 2400 quod
860 2375 932 2393 mon.
954 2368 1062 2394 retinet.

528 2412 653 2439 ermen.

134 2455 155 2488 ¹)
174 2455 216 2482 De
239 2456 372 2482 Romulia.
396 2455 508 2482 Reserv.
532 2456 558 2481 ei
580 2464 672 2481 annua
695 2463 770 2489 pens.
794 2456 846 2482 300
868 2456 896 2481 ss.
920 2459 950 2482 et
971 2464 1038 2482 cass.
1063 2456 1117 2482 litt.

64 2499 81 2527 7
99 2499 165 2527 Maii
187 2501 255 2527 1450
273 2500 342 2531 dat„
363 2500 464 2534 quibus
485 2501 635 2528 Guilelmus
655 2500 765 2525 interim
786 2509 810 2526 a.
832 2508 853 2525 s.
875 2509 899 2525 a.
921 2500 1068 2526 defunctus
1089 2501 1117 2526 in

39 2569 44 2576 ,
62 2550 154 2580 opum.
178 2544 296 2571 Gramen
316 2547 460 2579 promotus
480 2544 541 2570 fuit.
588 2544 679 2575 Quare
699 2544 730 2574 is,
752 2545 799 2578 qui
820 2544 893 2570 idem
914 2544 1056 2570 habendus
1077 2548 1119 2570 est

28 2586 34 2603 Ῐ
54 2586 148 2623 ‘mque
167 2588 212 2615 ille
234 2588 385 2615 Guilelmus
405 2588 510 2621 (Guesi,
533 2588 668 2622 Guasqui)
689 2589 804 2614 sacrista
824 2588 887 2614 eccl.
911 2588 1049 2619 Seneeen„
1071 2589 1118 2622 qui

63 2630 122 2666 inm
138 2633 174 2659 25
192 2633 270 2659 Febr.
293 2634 360 2660 1448
378 2633 507 2659 eeclesiae
527 2632 654 2659 Gressen.
675 2641 734 2658 vaae.
756 2641 804 2666 per
822 2641 887 2658 cess.
908 2633 1021 2658 Antonii
1041 2641 1117 2667 prae-

63 2675 152 2703 mus
171 2679 214 2703 est
233 2678 262 2703 in
282 2686 373 2711 epum.
406 2677 478 2710 (Obl.
501 2677 544 2708 72,
565 2677 620 2709 31),
641 2677 714 2702 inter
733 2677 806 2710 ipsos
827 2677 968 2711 episcopos
990 2677 1116 2703 Grassen.

40 2714 43 2750 ζ
63 2727 119 2747 non
136 2721 316 2747 recensendus
334 2724 385 2748 est.

40 2763 44 2798 J
121 2765 155 2801 ι’)
172 2765 223 2792 Oui
243 2766 278 2791 24
299 2766 374 2800 Sept.
398 2766 465 2792 1498
485 2766 646 2791 Franciscus
666 2765 700 2791 al.
722 2765 893 2799 Augustinus
912 2765 947 2791 de
969 2765 1116 2791 Grimaldis

63 2809 208 2842 coadjutor
229 2818 292 2835 eum
315 2810 375 2843 jure
397 2818 468 2836 succ.
492 2809 576 2835 datur
608 2809 666 2842 (AC
688 2809 792 2836 Camer.
817 2810 840 2840 Ι,
863 2810 917 2841 68).

36 2847 51 2852 ’”
101 2854 103 2856 ·
156 2859 160 2862 ·
468 2855 710 2885 σηιὶωουοιὶιωι.

38 2911 42 2915 -»
132 2897 154 2930 ¹)
173 2897 225 2924 Die
236 2898 270 2924 22
280 2898 346 2924 Maii
359 2899 427 2924 1500
437 2898 501 2924 eccl.
516 2898 639 2924 Gratian.
653 2901 811 2924 reservatur
820 2898 933 2924 Urbano
944 2897 979 2923 de
990 2898 1116 2928 Miolans,

42 2958 48 2960 -
62 2943 170 2976 poton.
184 2945 284 2976 apost„
297 2942 338 2968 ita.
349 2945 382 2968 ut
395 2942 508 2968 eedente
521 2942 565 2968 vel
577 2942 726 2968 decedente
740 2942 888 2968 Laurentio
900 2951 942 2976 ep.
956 2942 1001 2975 jus
1014 2942 1117 2968 habeat

46 3017 52 3023 ,
114 3003 242 3024 monronis
259 3004 368 3024 athonem
385 3004 451 3025 modu
470 3005 532 3025 tevi.
563 3004 605 3025 11.¹

529 336 668 368 Joannes
692 336 731 368 de
757 337 879 374 Pastor,
905 337 1004 368 abbas
1029 348 1113 369 mon.
1140 349 1164 369 s.
1190 337 1333 379 Pelagii4)

527 389 708 421 Pei-naudus
734 390 899 430 (Talavera
926 390 962 421 Ο.
989 401 1014 421 s.
1041 390 1152 430 Hier.),
1179 390 1387 432 ep.-Abulen.

524 617 634 649 Petrum
646 617 671 647 F
673 618 774 649 orbini
794 618 962 658 (Gorbini),
984 620 1066 651 decr.
1086 620 1182 658 doct„
1205 621 1337 652 oubioul.
1355 621 1384 652 S.
1399 621 1433 652 P.

526 671 697 710 (Isnardus)
719 671 758 702 de
782 671 907 709 Grassa,
931 677 1090 713 protonot.
1113 678 1214 714 apost.

526 723 665 755 «Ioannes
686 724 828 755 Andreas
849 725 888 756 de
912 725 1080 757 Grimaldis
1103 727 1134 766 (†
1158 727 1273 766 1508)2)

524 953 673 989 syboldus
695 953 882 994 (Sibundus)
906 955 1058 993 Alleman,
1081 956 1170 987 sedet

521 1007 706 1038 Laurentius
733 1007 910 1045 Alamandi,
939 1019 1007 1039 can.
1035 1009 1091 1050 ips.
1120 1009 1192 1040 eccl.
1222 1009 1258 1041 O.
1288 1009 1318 1040 S.
1347 1010 1383 1040 A.

520 1166 706 1198 Laurentius
732 1167 936 1206 (Alamandi),
963 1168 1037 1199 olim
1062 1179 1110 1209 ep.
1139 1168 1397 1210 Gratianopolffi)

517 1396 658 1427 Marinus
676 1396 715 1427 de
735 1396 876 1434 Ursinis„
897 1407 965 1438 aep.
986 1397 1123 1434 Terent„
1143 1397 1236 1428 simul
1255 1398 1290 1429 in
1307 1398 1422 1430 admin.

519 1449 655 1481 Jacobus
681 1449 853 1490 (Appiani),
880 1450 1072 1491 primicerius
1097 1451 1169 1481 eccl.
1197 1451 1423 1489 Beneventan.,

516 1556 695 1588 Matthaeus
726 1555 765 1586 de
798 1556 922 1597 Aquino
955 1556 1078 1596 (transf.
1114 1557 1190 1587 1508
1222 1557 1263 1588 ad
1294 1557 1423 1597 Lioien.)

517 1918 662 1949 Julianus
680 1918 719 1949 de
738 1918 921 1956 Caesarinis,
943 1919 973 1950 S.
994 1919 1032 1950 R.
1054 1919 1090 1950 E.
1111 1919 1206 1957 card„
1226 1920 1261 1950 in
1278 1920 1422 1959 admin.¹)

514 1971 672 2003 Memmus
698 1971 737 2002 de
765 1972 947 2013 Aggazaria,
976 1983 1044 2003 can.
1076 1972 1198 2010 Senen.,
1226 1973 1307 2004 decr.
1337 1973 1421 2004 doct.

517 2024 655 2056 «Ioannes
685 2024 767 2055 delle
799 2025 939 2062 Gazarie,
970 2036 1039 2056 can.
1073 2025 1195 2063 Senem,
1225 2026 1307 2057 decr.
1339 2027 1422 2057 doct.

515 2077 709 2109 Andreueius
732 2077 922 2118 (Ghinuooi),
946 2089 993 2119 ep.
1019 2078 1154 2109 Suanen.

515 2130 656 2166 Raphaol
673 2130 712 2162 de
732 2130 894 2168 Petruciis,
914 2142 982 2162 can.
1005 2131 1127 2169 Senen„
1148 2136 1271 2173 proton.
1292 2132 1422 2173 apost.⁴)

521 179 747 218 Granaten„
769 180 966 222 Gir-essen„
991 181 1355 225 Gratianopolitan„
1380 181 1600 218 Gravinen„
1625 181 1854 216 Grossetan.
2238 183 2290 214 161

1477 284 1553 315 1473
1582 284 1657 315 Dec.
1690 285 1727 315 10

1476 338 1553 369 1479
1583 337 1659 369 Julii
1687 339 1725 368 23

1476 392 1552 422 1493
1584 391 1656 422 Jan.
1687 392 1725 422 23

1768 284 1887 315 Schede
1909 284 1941 315 di
1965 284 2117 325 Garampi

1767 338 1836 369 Obl.
1860 338 1909 374 83,
1933 339 1970 368 62

1766 391 1818 422 AC
1840 391 1960 422 Camer.
1985 390 2010 427 I,
2034 391 2073 421 30

626 523 813 558 Gramen.
836 524 1012 566 (Grasse)
1036 526 1071 558 in
1095 527 1209 564 Gallia,
1234 527 1324 559 suffr.
1350 527 1560 559 Ebredunen.
1586 528 1667 568 (400
1692 528 1741 569 ss.)

1477 621 1554 651 1450
1583 621 1671 652 Junii
1701 621 1736 651 17

1477 675 1550 704 1451
1584 674 1666 705 Nov.
1701 675 1737 705 15

1477 728 1553 758 1483
1583 727 1659 758 Julii
1687 728 1706 757 5

1767 620 1836 651 Obl.
1860 620 1908 658 72,
1931 622 1969 651 42

1766 673 1836 705 Obl.
1861 674 1909 711 72,
1932 674 1971 704 48

1768 727 1887 758 Schede
1909 727 1941 758 di
1965 727 2116 768 Garampi

526 857 892 903 Gratianopolitan.
917 860 1144 903 (Grenoble)
1167 863 1201 894 in
1225 862 1340 903 Gallia,
1365 863 1454 895 suffr.
1479 863 1639 895 Viennen.
1665 864 1765 903 (1000
1789 864 1836 903 fl.)

1472 958 1549 988 1454
1765 958 1862 989 Gams
1884 959 1943 988 556

1472 1010 1548 1041 1476
1580 1011 1653 1041 Jan.
1686 1012 1721 1041 19
1763 1011 1833 1042 Obl.
1856 1012 1905 1048 83,
1928 1011 1968 1041 40

1471 1063 1548 1095 1477
1578 1064 1666 1095 Junii
1695 1065 1712 1094 9
1763 1064 1832 1096 obl.
1856 1065 1905 1102 83,
1928 1065 1967 1095 49

1471 1118 1548 1148 1482
1574 1118 1654 1158 Aug.
1683 1118 1700 1147 2
1746 1118 1832 1164 10101.
1855 1119 1905 1155 83,
1928 1119 1969 1148 80

1471 1171 1548 1201 1484
1573 1171 1666 1202 Mart.
1693 1171 1712 1201 8
1746 1165 1908 1212 {sixtqlv
1925 1171 1996 1202 Lat.
2015 1181 2043 1202 a.
2064 1170 2137 1202 131.
2158 1172 2171 1201 1
2191 1171 2212 1202 f.
2231 1172 2292 1202 253

542 1301 758 1337 Gravinum.
782 1301 984 1346 (Gravina)
1009 1303 1044 1335 in
1066 1303 1162 1336 Italia
1185 1304 1290 1341 infer„
1315 1305 1403 1337 suffr.
1429 1306 1644 1338 Aeheruntin.
1670 1306 1749 1346 (100
1771 1307 1818 1346 fl.)

1458 1399 1534 1430 1447
1561 1399 1651 1430 Febr.
1682 1400 1719 1430 14
1756 1399 1875 1431 Schede
1897 1400 1930 1431 di
1955 1400 2109 1442 Garampi

1458 1505 1534 1536 1473
1560 1505 1651 1537 Febr.
1682 1508 1695 1536 1

1458 1559 1533 1589 1482
1561 1559 1639 1600 Aug.
1670 1560 1706 1590 19

1755 1505 1835 1537 Sixt.
1859 1506 1904 1538 IV
1922 1506 1994 1538 Lat.
2015 1518 2043 1538 a.
2065 1508 2083 1538 2
2103 1507 2122 1538 l.
2146 1509 2160 1538 1
2182 1507 2204 1538 f.
2225 1507 2286 1538 367

1755 1559 1852 1591 Gams
1874 1560 1934 1590 884

905 1691 1197 1728 uronolandon.
1221 1706 1247 1726 υ.
1274 1693 1447 1729 Gai-den.

531 1822 762 1859 oron-etan.
793 1823 1034 1865 (Grossetto)
1058 1826 1093 1858 in
1116 1826 1210 1858 Italia
1233 1827 1352 1867 media,
1376 1828 1508 1860 immed.
1533 1828 1618 1868 subj.
1644 1829 1747 1867 (1000
1770 1828 1820 1870 ss.)

1466 1922 1543 1951 1439

1466 1975 1543 2004 1445
1573 1974 1650 2005 Julii
1677 1975 1717 2005 30

1466 2028 1542 2058 1452
1573 2027 1659 2069 Sept.
1688 2029 1727 2059 22

1466 2081 1542 2111 1489
1568 2081 1661 2112 Mart.
1688 2083 1706 2112 9

1466 2134 1542 2165 1497
1570 2135 1648 2176 Aug.
1677 2136 1695 2165 4

1764 1946 2281 1953 ...........

1758 1975 1828 2006 Obl.
1852 1974 1900 2012 72,
1926 1975 1964 2005 10

1758 2028 1828 2060 Obl.
1852 2028 1900 2065 72,
1924 2029 1963 2059 53

1758 2082 1809 2112 AC
1831 2082 1951 2112 Camer.
1976 2080 2002 2118 I,
2025 2082 2043 2111 2

1758 2135 1809 2166 AC
1832 2135 1952 2166 Camer.
1976 2134 2002 2172 Ι,
2026 2135 2064 2165 56

1227 2324 1262 2350 ad
1274 2326 1363 2359 ipsam
1384 2327 1441 2359 (AC
1452 2327 1557 2353 Camer.
1571 2327 1594 2358 Ι,
1606 2328 1660 2359 85).
1686 2327 1739 2353 Sed
1751 2335 1837 2361 quum
1849 2327 1893 2353 ille
1904 2336 1928 2353 a.
1944 2328 2012 2353 1518
2023 2327 2151 2361 resignet,
2163 2327 2286 2354 succedit

1226 2371 1251 2396 ei
1275 2370 1458 2401 „Laurentius
1481 2371 1516 2397 de
1541 2371 1567 2398 S.
1592 2371 1693 2397 Marcel
1716 2371 1908 2406 d'Avan90n“.
1943 2371 1989 2404 (8.1.
2021 2371 2189 2398 Laurentius
2220 2371 2285 2398 Ala-

1226 2414 1330 2446 mandi,
1354 2417 1461 2449 nepos).

1676 2479 1832 2506 messem.

1297 2532 1317 2564 ¹)
1337 2532 1361 2558 A
1383 2532 1497 2558 concilio
1519 2532 1601 2558 Basil.
1626 2535 1693 2558 tunc
1715 2532 1823 2558 schism.
1848 2532 1876 2557 in
1898 2540 1989 2566 epum.
2015 2531 2106 2558 Gross.
2131 2539 2218 2565 prom.
2242 2534 2286 2557 est

1226 2577 1351 2604 nicolaus
1374 2577 1408 2602 de
1430 2585 1450 2602 s.
1477 2576 1664 2607 Geminium-3
1698 2576 1745 2602 cfr.
1771 2576 1888 2602 Joannis
1910 2576 1945 2602 de
1970 2576 2086 2610 Segovia
2108 2575 2183 2602 Hist.
2207 2583 2284 2601 cono.

1225 2621 1307 2647 Basil.
1329 2621 1371 2647 ed.
1397 2621 1545 2646 Birk-Beer
1565 2621 1620 2651 ΙΙΙ,
1642 2621 1692 2648 237
1714 2621 1758 2646 vel
1779 2621 1838 2646 255.

1295 2674 1316 2706 ²)
1336 2674 1379 2706 (A.
1399 2675 1467 2700 1426
1482 2674 1525 2700 vel
1544 2675 1610 2701 1427
1626 2674 1762 2706 defuncti)
1780 2677 1827 2705 „et
1842 2674 1886 2700 ob.
1905 2674 2020 2700 Antonii
2036 2673 2075 2706 (S.
2095 2673 2128 2699 R.
2146 2673 2178 2699 E.
2196 2672 2282 2705 eard.)

1224 2719 1310 2752 ipsius
1325 2719 1388 2744 eccl.
1406 2719 1559 2744 commend.
1577 2727 1609 2744 8ο
1625 2727 1714 2744 revoc.
1731 2718 1910 2744 commendas
1927 2718 2041 2744 Juliano
2057 2717 2131 2743 card.
2148 2725 2169 2743 s.
2187 2716 2284 2751 Angeli

1224 2763 1346 2788 factae.“

1294 2816 1316 2848 ³)
1335 2817 1412 2843 Inter
1427 2825 1490 2842 eum
1505 2820 1534 2843 et
1549 2817 1633 2842 Andr.
1650 2816 1725 2850 apud
1739 2816 1820 2842 Gams
1835 2825 1861 2850 p.
1879 2817 1930 2843 755
1946 2815 2016 2841 alter
2032 2815 2156 2841 Joannes
2171 2814 2283 2847 (d‘Elei)

1224 2861 1259 2886 ad
1279 2870 1303 2886 a.
1326 2862 1390 2888 1471
1412 2861 1568 2895 adscriptus
1587 2864 1636 2887 est.

1293 2913 1315 2946 ⁴)
1335 2915 1368 2940 25
1381 2923 1405 2940 a.
1420 2922 1512 2948 agens,
1525 2915 1555 2940 in
1568 2914 1668 2940 admin.
1683 2922 1771 2948 usque
1783 2913 1819 2939 ad
1832 2922 1856 2939 a.
1871 2914 1914 2944 27,
1927 2902 1992 2938 dein
2004 2912 2035 2938 in
2048 2919 2134 2945 epum.
2150 2911 2178 2945 (†
2193 2911 2280 2943 1522).

2072 2997 2109 3028 21
