2436 3328
102 326 189 380 *sb
191 346 342 379 ‚Nicolai
363 348 468 388 (1434)
596 349 754 382 Antonius
775 350 905 388 Morelli,
928 351 1028 382 adiao.
1051 351 1109 392 ips.
1132 351 1206 383 eccl.

87 507 126 543 ,ζ-Γῖ
145 505 197 538 ob.
218 506 350 537 Antonii

84 583 117 610 2:st
144 569 204 591 ms.
225 558 411 599 Michaelis³)

596 509 731 541 Michael
751 509 791 540 de
815 509 978 540 Saracenis

598 562 736 593 Jacobus
757 562 879 593 Torella
900 562 940 593 al.
966 563 1165 602 Sarracen14)

144 843 224 886 priv,
249 844 399 886 Georgiil)
597 846 734 877 Jacobus
755 845 795 876 de
817 845 961 877 Cardona

145 949 196 982 ob.
210 950 264 982 00.
280 951 323 992 (p.
338 951 377 981 29
393 950 457 982 Jul.
475 951 563 990 1473)
598 952 770 983 Guilelmus
792 952 917 982 namon
940 952 979 982 de
1001 952 1157 983 Moncada

145 1005 185 1035 tr.
207 1002 289 1035 Guil.
309 1003 351 1034 ad
369 1003 510 1045 Majoric.
596 1005 736 1037 «Ioannes
758 1004 809 1044 (de
832 1004 998 1044 Peralta)³)

71 1161 196 1218 ⁵3³5-0b.
217 1178 303 1210 Petri
325 1179 416 1219 (1433
438 1180 466 1212 v
487 1181 518 1220 4)

142 1295 203 1317 m.
225 1285 311 1316 Petri
331 1285 364 1316 in
388 1285 419 1317 s.
442 1286 477 1317 P.

142 1341 183 1370 tr.
199 1338 297 1369 Marci
314 1338 356 1370 ad
371 1338 514 1381 Aquileg.

592 1287 718 1318 Marcus
745 1287 887 1327 (Barbo),
915 1298 964 1328 ep.
991 1287 1170 1328 Tervisin.²)

70 1546 156 1615 Lsuiv.
191 1594 554 1603 .........
562 1564 569 1618 Ι
592 1572 731 1603 Joannes
754 1571 855 1611 (suffr.
878 1572 938 1613 epi.
962 1571 1141 1612 Patavien.)

142 1748 182 1776 tr.
204 1745 256 1776 Jo.
276 1745 318 1777 ad
337 1745 522 1786 Bisuntin.¹)
592 1748 773 1780 Gaura-idus
795 1748 916 1785 Vassal,
939 1747 1002 1778 obl.
1026 1759 1058 1779 se

140 1854 265 1882 renunt.
290 1851 448 1892 Joannis³)

141 1907 180 1935 tr.
205 1904 276 1936 Joa.
299 1904 340 1935 ad
360 1904 510 1937 Nemaus.

140 1967 198 1989 res.
220 1957 351 1989 Antonii

620 2057 714 2084 Vican.

209 2099 231 2131 ¹)
250 2099 300 2126 Gm·
323 2099 432 2126 conced.
457 2100 486 2125 in
508 2107 606 2126 comm.
631 2100 915 2135 archipresbyteratus
937 2101 1000 2127 eccl.
1026 2101 1157 2128 Arboren.

209 2143 231 2175 ²)
249 2143 430 2170 Desidet-atur
447 2152 516 2178 apus
533 2143 615 2170 Gamo
632 2153 659 2178 p.
679 2145 739 2170 935.

208 2187 231 2220 ²)
250 2187 300 2214 Oui
316 2196 415 2214 ΜΘΝ.
434 2196 528 2214 annua
544 2189 639 2222 pensio
656 2190 691 2215 50
707 2189 735 2214 fl.
754 2192 784 2215 et
801 2189 854 2215 tria
872 2189 959 2215 benef.
978 2190 1079 2216 valoris
1098 2191 1148 2216 100
1164 2190 1192 2215 fl.

208 2231 231 2264 ι)
249 2231 364 2266 Apresb.
383 2232 447 2258 eccl.
467 2232 502 2258 de
520 2232 693 2259 Francavilla
711 2233 796 2259 dioec.
816 2233 942 2260 Theatin.
960 2234 989 2268 (†
1007 2235 1093 2268 1521).

620 2278 712 2305 Vicen.

208 2320 230 2352 ι)
249 2320 292 2347 Eo
307 2321 382 2355 quod
397 2323 461 2355 post
476 2321 570 2347 transl.
588 2321 694 2347 concilii
709 2330 769 2356 gen.
788 2323 815 2354 (a
831 2322 950 2354 Basilea)
966 2323 1002 2348 ad
1018 2323 1069 2349 civ.
1087 2323 1191 2349 Ferrar-

137 2363 192 2391 fuit
209 2364 333 2391 Basileae
350 2373 422 2391 unus
438 2374 473 2391 ex
491 2365 741 2399 prophanatoribus
759 2365 873 2392 Amedei
891 2366 936 2399 (de
956 2367 1104 2398 Sabandia,
1122 2368 1192 2393 anti-

138 2416 227 2444 papae
241 2409 297 2435 Fel.
313 2409 349 2442 V)
364 2412 393 2435 et
407 2410 492 2436 etiam
508 2410 623 2443 insignia
638 2410 824 2436 cardinalatus
839 2410 875 2436 ab
890 2411 949 2444 ipso
964 2411 1076 2437 Infeliee
1091 2412 1194 2445 recepit

62 2482 63 2486 Ἰ
137 2452 197 2486 (cfr.
217 2461 301 2488 supra
319 2462 345 2488 p.
365 2454 382 2480 9
400 2462 440 2480 nr.
460 2454 517 2485 IIa,
536 2454 572 2486 8).
615 2454 667 2485 Qui
688 2454 819 2488 Georgius
837 2455 869 2481 21
891 2455 946 2481 Jul.
969 2456 1036 2481 1449
1054 2465 1071 2482 a
1089 2456 1148 2483 Nic.
1168 2455 1193 2482 V

50 2488 69 2511 *⁴
84 2515 86 2517 >
137 2496 174 2524 ad
190 2497 254 2524 eccl.
273 2497 498 2532 Carpentoraten.
518 2498 690 2524 transfertur.
726 2499 795 2532 Ejus
813 2499 907 2525 transl.
926 2508 943 2525 a
961 2499 1052 2526 Vicen.
1072 2500 1108 2526 ad
1126 2501 1191 2526 Der-

57 2538 114 2579 ,ἦγ’-ἱ
137 2543 226 2568 maen.
251 2543 283 2568 18
306 2542 370 2569 Jan.
395 2543 463 2570 1434
484 2543 559 2569 facta
581 2543 727 2575 (Giliberto
748 2543 783 2569 de
804 2543 941 2574 Corberia,
963 2544 1034 2570 decr.
1057 2545 1141 2575 doct„
1164 2545 1192 2570 in

75 2580 92 2621 ’ᾗ
136 2593 228 2620 epum.
247 2586 341 2613 Vicen.
361 2590 498 2621 promoto,
529 2587 577 2612 cfr.
598 2587 659 2613 Obl.
680 2589 723 2618 66,
743 2588 759 2614 3
781 2590 810 2614 et
832 2596 916 2622 supra
938 2596 1000 2622 pag.
1027 2589 1077 2615 158
1099 2591 1157 2615 not.
1175 2590 1191 2615 3

48 2622 71 2652 ',
119 2628 174 2656 'nd
197 2629 367 2665 Gerunda.)
388 2639 446 2658 non
460 2631 562 2659 habuit
580 2631 720 2658 effectum.

72 2666 82 2675 ⁸
206 2674 229 2706 ²)
248 2674 329 2701 ProV.
357 2676 389 2702 12
414 2676 475 2703 Oct.
504 2676 580 2707 1459,
606 2684 704 2702 reserV.
731 2679 806 2702 certa
830 2685 924 2702 annua
948 2684 1023 2710 pens.
1050 2677 1191 2703 Ludovico

136 2718 181 2745 tit.
202 2726 237 2745 ss.
258 2719 299 2746 IV
318 2719 416 2746 Ceron.
437 2721 526 2755 presb.
548 2720 621 2748 card.
663 2720 716 2746 Cfr.
738 2723 796 2747 not.
818 2722 834 2747 3
855 2721 891 2747 ad
913 2721 1014 2747 Silven.

206 2756 228 2795 *ᾗ
247 2763 342 2790 Abbaa
360 2772 433 2790 mon.
453 2764 488 2791 (ιο
505 2765 706 2792 Mentesa-rato
726 2765 757 2792 ο.
780 2765 806 2791 s.
828 2765 859 2791 B.
880 2765 907 2797 (†
929 2765 1015 2796 1504).

596 2809 728 2837 vicentin.

50 2867 63 2886 ¹·
125 2886 128 2890 ,
140 2862 142 2864 ·
206 2851 228 2884 ¹)
247 2851 300 2878 cfr.
312 2852 434 2879 Cervien.
446 2856 475 2879 et
484 2853 608 2880 Paduan.
629 2853 683 2879 Pro
693 2862 725 2880 eo
735 2863 759 2879 a.
774 2854 841 2880 1455
852 2854 1000 2879 Barontius
1010 2862 1052 2887 ep.
1064 2853 1188 2879 Paduan.

63 2909 67 2914 Α
119 2887 250 2926 2et'1460
265 2895 374 2923 Marcus
388 2905 431 2931 ep.
448 2897 580 2924 Tervisin.
598 2897 739 2924 ecclesiam
756 2898 891 2925 Vicentin.
917 2901 950 2924 ut
973 2898 1190 2924 locumtenentes

59 2940 95 2969 ''fi-2
135 2939 376 2967 administrabant.

152 424 560 432 ..........
599 402 749 438 Georgius
774 403 926 435 Armatus
952 404 1136 444 (Attacohi),
1163 415 1232 446 aep.
1260 404 1411 436 Arboren.
1415 406 1439 444 ¹)

106 437 220 486 ,netr-
246 452 302 485 Ge.
326 453 368 484 ad
391 453 542 485 Arboren.
596 455 754 487 Antonius
780 456 876 496 (idem
903 467 939 487 ac
965 457 1166 498 supradictus
1192 457 1267 489 Ant.
1280 457 1333 497 2)²)

75 871 115 942 ¹115
145 897 198 938 (tr.
220 897 289 928 Jac.
309 897 351 928 ad
371 897 563 937 Gerunden.)
595 899 723 930 Cosmas
748 898 799 938 (de
823 899 1051 938 Monserrat),²)
1076 899 1138 930 obl.
1163 910 1196 930 se
1221 910 1343 940 person.

594 1181 778 1212 Franz-iscus
803 1181 1001 1222 (Malipiero),
1027 1192 1075 1222 ep.
1102 1182 1269 1213 Castellan.

67 1225 116 1266 [f.
143 1230 194 1264 ob.
212 1231 306 1263 Fran.
326 1233 414 1272 (1451
437 1233 512 1264 Jun.
531 1234 562 1272 8)
593 1234 703 1265 Petrus
728 1234 870 1274 (Barbo),
896 1234 946 1265 tit.
971 1245 995 1265 s.
1020 1235 1118 1266 Marci
1142 1235 1244 1276 presb.
1270 1235 1382 1275 card.1)

592 1341 734 1376 Baptista
757 1341 850 1377 Zeno,
874 1351 899 1371 s.
923 1341 1041 1372 Mariae
1064 1342 1096 1372 in
1120 1342 1206 1372 Port.
1230 1341 1311 1372 diac.
1335 1342 1420 1373 card.

81 1390 193 1442 sfflob·
212 1391 297 1423 card.
317 1402 341 1423 s.
361 1391 403 1423 M.
423 1392 455 1423 in
474 1392 560 1424 Port.
594 1394 715 1433 (Petrus
744 1393 915 1433 Dandolo),
946 1394 1139 1435 primicerius
1168 1394 1241 1426 eccl.
1272 1395 1455 1435 Vicentin.³)

141 1801 182 1830 tr.
201 1797 295 1830 Gauf.
313 1798 355 1830 ad
371 1798 543 1840 Lugdun.²)
591 1801 731 1833 loannes
757 1801 808 1841 (de
834 1801 1002 1840 Pictavia)‚
1029 1812 1077 1842 ep.
1104 1801 1263 1833 Valentin.
1290 1806 1323 1833 et
1347 1802 1440 1833 Dien.

591 1854 731 1886 Ioannes
754 1854 793 1885 de
818 1855 938 1891 Castro,
964 1858 1124 1895 protonot.
1150 1858 1264 1896 apost„
1289 1856 1328 1886 28
1352 1866 1380 1886 a.
1406 1866 1502 1896 agens
1545 1857 1621 1886 1452
1645 1856 1718 1887 Jan.
1741 1857 1780 1887 28

589 1907 747 1939 Antonius
773 1907 823 1947 (de
850 1908 997 1947 Poisieu),
1023 1908 1123 1939 abbas
1148 1919 1232 1939 mon.
1258 1919 1283 1939 s.
1310 1908 1396 1939 Petri
1408 1908 1433 1947 4)

593 1960 693 1992 Guido
719 1960 770 2000 (de
797 1961 944 2000 Poisieu),
971 1961 1103 1992 sacrista
1128 1961 1226 2002 ipsius
1252 1961 1353 2000 eccl.⁵)

765 168 910 209 Vican„
933 169 1075 206 vicen..
1099 169 1301 211 vicentin„
1322 170 1540 212 Victricem,
1564 171 1753 206 viennen.
2307 174 2371 206 267

545 263 689 298 vienn.
714 266 754 297 al.
779 265 830 300 do
851 265 954 300 Vico
979 266 1167 308 (Trevico)
1191 267 1226 299 in
1249 267 1344 300 Italia
1366 268 1472 308 infern,
1497 268 1587 300 suffr.
1613 269 1792 302 Benevent.
1817 271 1897 311 (100
1921 271 1968 310 ss.)

1554 353 1630 383 1434
1652 352 1733 384 Nov.
1757 354 1797 383 30
1845 353 1914 384 Obl.
1938 355 1986 391 66,
2012 355 2048 385 16

1553 406 1627 435 1451
1652 405 1727 437 Feb.
1753 407 1789 436 18
1844 406 1913 438 Obl.
1938 407 1986 445 72,
2009 409 2048 438 45

1552 511 1628 542 1474
1650 511 1726 542 Dec.
1753 513 1790 542 18
1843 485 1913 544 0111.
1936 485 1985 550 83,
2008 515 2047 544 35
2052 486 2365 495 .......

1553 564 1628 595 1497
1652 564 1721 596 Oct.
1745 565 1783 596 27
1842 566 1894 597 AC
1916 566 2036 598 Camer.
2060 567 2086 604 Ι,
2109 569 2148 598 59

909 662 1241 706 vicecomponon.
1265 676 1291 696 v.
1315 663 1609 708 Venecompen.

709 761 847 796 Vioen.
872 761 996 801 (vich)
1020 762 1054 793 in
1077 762 1248 804 Hispania,
1273 762 1363 794 suffr.
1387 763 1605 795 Terraconen.
1632 765 1733 804 (1000
1756 764 1804 804 ss.)

1552 849 1629 878 1445
1650 848 1725 879 Maii
1747 849 1786 879 28
1842 849 1912 880 Obl.
1936 849 1984 887 72,
2007 851 2025 880 9

1552 902 1628 931 1459
1652 901 1721 933 Oct.
1747 903 1783 932 19
1842 902 1911 933 Obl.
1936 902 1984 940 76,
2009 902 2065 934 176

1551 954 1628 985 1473
1651 954 1721 985 Oct.
1744 955 1784 985 30
1843 955 1962 986 Schede
1983 955 2015 986 di
2040 956 2191 998 Garampi

1552 1008 1627 1038 1493
1650 1007 1743 1038 Mart.
1773 1008 1811 1039 27
1840 1008 1892 1039 AC
1914 1008 2034 1040 Camer.
2058 1009 2084 1046 Ι,
2107 1011 2145 1040 32

606 1105 808 1139 vicentin.
834 1105 1026 1146 (Vicenza)
1051 1107 1086 1138 in
1110 1107 1206 1138 Italia
1229 1117 1350 1148 super„
1375 1108 1467 1140 suffr.
1497 1108 1691 1149 Aquilegen.
1718 1109 1820 1149 (1000
1843 1109 1890 1150 ss.)

1549 1185 1625 1214 1433
1648 1184 1722 1215 Maii
1746 1186 1782 1215 12
1840 1185 1909 1216 Obl.
1933 1187 1981 1223 66,
2005 1187 2023 1216 2

1549 1238 1622 1267 1451
1649 1237 1737 1268 Junii
1761 1239 1797 1268 16
1840 1238 1909 1269 Obl.
1933 1238 1981 1276 72,
2005 1239 2043 1270 47

1548 1291 1625 1320 1464
1649 1290 1735 1331 Sept.
1761 1291 1797 1322 17
1839 1291 1929 1322 Pauli
1946 1291 1979 1322 II
1996 1303 2024 1322 a.
2045 1293 2058 1322 1
2077 1292 2148 1323 Lat.
2166 1292 2186 1324 l.
2204 1303 2250 1334 pr.
2268 1293 2289 1324 f.
2310 1294 2368 1324 180

1548 1342 1625 1373 1470
1646 1343 1739 1374 Mart.
1764 1344 1801 1374 18
1840 1344 1909 1376 Obl.
1932 1346 1981 1382 83,
2007 1346 2043 1376 19

1547 1396 1621 1426 1501
1648 1396 1736 1428 Junii
1760 1397 1797 1427 14
1839 1397 1891 1428 AC
1913 1398 2032 1429 Camer.
2057 1398 2082 1436 Ι,
2105 1399 2144 1429 94

1082 1496 1346 1539 Vi(c)tricen.‚
1371 1497 1421 1530 tit.

1528 1567 1534 1620 Ι
1548 1574 1634 1611 1465,
1659 1575 1736 1604 1466

774 1671 969 1707 viennen.
992 1672 1174 1714 (Vienna)
1197 1675 1232 1706 in
1256 1674 1371 1712 Gallia,
1397 1675 1535 1714 metrop.
1560 1675 1662 1714 (1800
1686 1674 1734 1714 fl.)

1546 1751 1622 1780 1439
1639 1750 1733 1781 Mart.
1755 1751 1790 1781 16
1838 1750 1958 1781 Schede
1979 1751 2011 1782 di
2036 1751 2187 1792 Garampi

1545 1802 1621 1834 1447
1643 1803 1731 1834 Junii
1749 1804 1788 1834 26
1836 1803 1906 1835 Obl.
1930 1803 1978 1841 72,
2001 1805 2040 1834 28

1836 1856 1905 1887 Obl.
1930 1856 1978 1894 72,
2001 1857 2041 1888 50

1544 1910 1620 1939 1453
1643 1909 1724 1940 Nov.
1748 1910 1784 1939 21
1835 1909 1905 1940 Obl.
1929 1909 1977 1947 72,
2001 1911 2039 1941 59

1544 1961 1620 1993 1473
1643 1962 1717 2003 Apr.
1740 1963 1780 1992 28
1834 1962 1904 1994 Obl.
1928 1963 1977 2000 83,
2000 1962 2039 1994 27

1371 2058 1393 2089 ²)
1417 2058 1470 2089 Qui
1490 2059 1521 2084 18
1541 2058 1616 2092 Sept.
1638 2059 1704 2085 1467
1723 2059 1749 2084 in
1771 2058 1796 2084 S.
1818 2059 1850 2084 R.
1871 2059 1902 2085 E.
1922 2059 1995 2085 card.
2015 2063 2159 2093 promotus
2176 2061 2278 2087 retinet
2295 2061 2359 2087 eccl.

1301 2101 1438 2128 Vicentin.

1371 2146 1394 2178 3)
1413 2146 1451 2172 Et
1467 2147 1675 2172 commendator
1690 2155 1764 2173 mon.
1781 2155 1802 2172 s.
1818 2147 1892 2173 Petri
1903 2148 1937 2173 de
1951 2148 2068 2174 Rosaoio
2080 2148 2166 2175 dioec.
2179 2149 2360 2184 Aquilegien„

1301 2190 1376 2224 quod
1395 2199 1468 2216 nunc
1481 2191 1613 2216 cardinali
1628 2191 1760 2217 Grimano
1772 2194 1843 2225 patr.
1856 2192 1994 2227 Aquileg„
2005 2195 2092 2226 'atque
2111 2201 2185 2220 mon.
2205 2202 2226 2219 s.
2247 2194 2361 2220 Martini

1301 2234 1336 2260 de
1353 2235 1453 2260 Biluna
1470 2235 1502 2261 Ο.
1522 2235 1548 2261 S.
1567 2235 1599 2261 B.
1617 2235 1702 2262 dioec.
1721 2235 1901 2270 Aquilegien„
1927 2237 2002 2270 quod
2027 2245 2101 2263 nunc
2126 2237 2268 2264 Ludovico
2285 2238 2358 2264 card.

1300 2279 1490 2313 Caputaquen.
1510 2279 1620 2305 conced.
1641 2280 1669 2305 in
1688 2288 1787 2306 comm.
1825 2280 2001 2307 Transfertur
2018 2281 2055 2307 ad
2073 2281 2197 2308 Paduan.
2220 2283 2295 2310 1507.

1685 2325 1816 2352 Viennen.
1837 2325 1971 2357 (vienne).

1371 2367 1391 2399 ¹)
1411 2368 1463 2394 Die
1480 2369 1512 2394 15
1528 2368 1589 2394 Oct.
1608 2369 1676 2394 1438
1691 2369 1824 2395 defuncti.
1861 2369 1914 2400 Qui
1929 2370 1945 2394 2
1961 2370 2027 2396 Dec.
2047 2370 2114 2396 1433
2130 2371 2166 2396 ad
2182 2371 2357 2397 Ebredunen.

1300 2412 1450 2438 translatus
1468 2421 1524 2438 non
1543 2413 1689 2443 consensit,
1709 2421 1794 2447 quare
1814 2413 1937 2439 Joannes
1959 2413 2082 2445 Gemrdi,
2101 2414 2188 2441 adiac.
2209 2415 2358 2447 vivarien„

1299 2458 1366 2482 tunc
1386 2457 1415 2482 in
1435 2465 1543 2490 aepum.
1566 2456 1697 2483 Viennen.
1721 2460 1873 2491 promotus,
1895 2457 1931 2483 ad
1951 2458 2027 2484 illam
2047 2459 2111 2484 eccl.
2134 2459 2286 2485 translatus
2306 2462 2356 2486 est.

1299 2500 1359 2526 Obl.
1381 2502 1424 2531 66,
1444 2502 1468 2528 7.

1368 2545 1390 2577 ²)
1410 2545 1468 2575 „Et
1486 2554 1608 2579 suspens.
1630 2546 1724 2572 transl.
1746 2546 1863 2572 Joannis
1882 2547 1951 2580 aepi.
1973 2547 2147 2573 Ebredunen.
2168 2548 2204 2574 ad
2224 2548 2355 2574 Viennen.

1297 2592 1326 2615 et
1346 2588 1474 2615 Guilelmi
1492 2590 1543 2623 epi.
1565 2590 1699 2615 Biterren.
1720 2590 1755 2616 ad
1775 2590 1948 2616 Ebredunen.
1970 2592 2004 2617 20
2022 2591 2087 2625 Apr.
2110 2593 2177 2618 1444
2195 2592 2261 2618 fact.
2282 2592 2355 2624 (Obl.

1283 2633 1340 2664 ,72,
1361 2634 1398 2665 3),
1430 2642 1502 2668 quae
1521 2635 1603 2660 certis
1622 2634 1750 2669 subsequ.
1773 2636 1862 2661 causis
1882 2635 2013 2661 effectum
2034 2636 2149 2662 sortitae
2169 2644 2225 2662 non
2244 2636 2358 2662 fuerunt

1297 2685 1386 2711 neque
1417 2678 1521 2712 absque
1552 2678 1702 2712 dispendiis
1733 2681 1762 2705 et
1793 2679 2021 2705 inconvenientiis
2053 2680 2183 2714 consequi
2215 2679 2356 2714 possent“‚

1297 2722 1425 2755 quamvis
1441 2722 1510 2756 Eug.
1528 2723 1568 2749 IV
1583 2723 1675 2749 adhue
1692 2724 1707 2750 7
1723 2724 1795 2750 Nov.
1815 2725 1882 2750 1446
1897 2724 2058 2755 declararet,
2075 2724 2135 2750 illas
2151 2725 2245 2751 transl.
2264 2725 2355 2759 plena-

1297 2766 1368 2792 rium
1387 2766 1519 2792 effectum
1538 2767 1629 2793 sortiri
1647 2767 1746 2793 debere
1766 2767 1838 2800 (Obl.
1859 2768 1901 2798 72,
1923 2769 1975 2800 16).

1367 2810 1388 2842 ²¹)
1408 2810 1520 2836 Reserv.
1541 2811 1565 2836 ei
1584 2819 1677 2837 annua
1696 2819 1771 2845 pens.
1794 2812 1862 2838 1000
1880 2812 1908 2838 fl.

1366 2854 1388 2887 ⁴¹)
1408 2854 1539 2881 Viennen.
1561 2855 1592 2881 O.
1616 2855 1642 2882 S.
1664 2856 1695 2881 B.

1366 2898 1388 2931 ⁶)
1407 2899 1486 2925 Decr.
1509 2899 1614 2931 doctor,
1655 2908 1740 2934 nepos
1761 2899 1875 2926 Antonii
1895 2901 1964 2934 aepi.
1987 2901 2094 2934 resign..
2125 2901 2169 2926 cui
2198 2903 2356 2927 reservatur

1296 2945 1371 2968 certa
1389 2951 1482 2969 annua
1520 2944 1622 2977 pensio.

2136 2994 2197 3027 34·
