2436 3328
10 571 45 597 ι’
54 575 179 606 Valven.

9 623 17 634 ι

1 779 4 782 .
27 753 45 772 *
57 753 220 792 Vapincen.

29 929 47 948 ¹⁸
59 929 218 959 Varadien.

30 1193 148 1223 Varien.

31 1281 191 1312 W'amu'en.

31 1325 48 1344 *
60 1325 201 1356 Vasataen.

30 1413 48 1433 *
61 1413 276 1444 Waterforden.

29 1501 150 1541 Veglen.

31 1765 51 1785 *
62 1765 221 1797 Venasran.

31 1942 50 1961 ¹⁸¹
62 1942 200 1973 Vencien.

32 2206 176 2237 Veneten.

30 2249 190 2282 ⁸Venusin.

30 2294 210 2326 *vercellen

34 2647 160 2679 Verden.

32 2781 199 2819 Veri(si)en.

0 2872 8 2896 'v
31 2878 50 2908 *f
63 2878 207 2909 Veronen.

897 209 950 244 ad.
973 209 1079 245 Hier.
1101 209 1205 243 cath.
1229 209 1301 243 vol.
1327 209 1367 243 1².

369 311 452 344 4123,
481 310 582 346 4845);
622 309 646 338 Ρ
658 309 678 338 h
690 309 700 338 i
713 309 722 338 l
733 309 743 338 i
755 319 774 347 p
787 319 806 347 p
819 319 839 338 ιι
851 319 864 338 s
902 309 1015 338 absolv.
1044 308 1083 337 ab

368 354 480 383 admin.
502 364 553 382 seu
572 363 688 392 procur.
709 353 778 382 eccl.
798 353 862 382 Val.
884 354 958 382 1244
976 352 1047 382 Maii
1065 354 1083 382 8

369 398 447 435 (Inn.
462 398 505 427 IV
521 399 602 434 659);
634 397 659 426 G
670 397 739 426 uid
749 407 767 426 o
783 398 882 434 (1272)
898 401 963 426 erat
978 397 1081 435 capell.

373 442 400 472 S.
413 443 446 471 P.
459 442 525 471 etA
538 452 568 471 m
581 452 596 470 e
608 441 628 470 d
641 452 656 471 e
669 451 688 471 u
701 452 714 470 s
726 442 824 478 (1275)
836 441 930 470 abbas
941 441 975 470 Ο.
991 441 1019 470 S.
1031 441 1081 476 B.;

370 486 407 515 de
434 486 544 515 unione
572 486 641 515 eccl.
671 486 736 515 Val.
765 490 796 514 et
824 485 909 514 Dien.
939 485 991 514 cir.
1020 485 1083 524 jam

373 531 440 560 Gre.
468 531 515 559 IX
540 531 613 560 4847
639 530 678 559 ad
705 531 740 559 14
764 529 835 559 Maii
861 530 943 559 1239.

370 575 395 604 Ο
409 579 477 604 tto
506 574 568 613 jam
587 584 671 613 prov.
693 575 766 603 1206
786 573 857 603 Jun.
878 575 896 603 3
916 574 960 610 (P.
981 574 1082 609 2789);

374 621 446 649 1235
472 619 533 648 Jul.
559 620 594 648 18
619 618 647 648 S.
672 618 704 647 P.
729 617 857 652 ordinat,
881 622 917 646 ut
939 617 1029 655 capit.
1053 621 1084 646 et

372 663 496 692 Valven.
523 667 554 692 et
581 662 752 692 Sulmonen.
779 662 866 691 simul
891 661 947 690 sibi
973 661 1084 700 eligant

373 711 525 746 pastorem
549 707 629 744 (Gre.
655 706 701 735 IX
725 707 821 742 2682).

374 751 441 781 Gre.
462 752 508 780 IX
527 752 625 788 (2852)
646 752 719 780 1235
738 750 815 779 Nov.
836 751 872 779 28
890 749 980 788 recipi
998 749 1085 788 jubet

371 796 476 834 resign.
488 795 527 832 (G
539 805 559 824 ιι
571 794 581 824 i
593 795 602 824 l
614 805 629 823 e
642 795 650 823 l
663 805 694 824 m
705 794 726 831 i)
736 794 807 832 epi.;
821 794 1083 830 Gaufridusss289)

373 844 438 869 erat
453 839 556 878 capell.
576 839 604 868 S.
622 839 654 868 P.
672 843 703 868 et
719 838 796 868 decr.
813 838 857 867 dr.
876 838 952 875 (Nic.
971 838 1013 867 IV
1031 839 1086 867 110

373 884 412 913 ad
433 885 468 914 27
490 883 560 913 Maii
582 884 678 919 1288).

376 928 459 958 Sim
471 938 489 957 o
501 938 520 956 n
543 937 603 956 occ.
618 928 692 956 1204
703 927 775 965 Apr.
790 928 825 956 16
837 931 868 955 et
881 927 954 955 1213
966 926 1036 955 Maii
1049 927 1084 955 26

374 973 419 1009 (Ρ.
442 973 517 1001 2184
538 976 569 1000 et
590 973 692 1008 4737);
725 971 798 1000 item
831 970 1086 1000 Alexander

375 1017 448 1045 1224
461 1016 531 1045 Dec.
546 1017 563 1045 6
576 1019 607 1045 et
620 1016 695 1044 1230
709 1015 778 1044 Jan.
793 1016 827 1045 27
843 1015 934 1052 (Ηοιι.
949 1015 997 1043 III
1010 1015 1086 1044 5200

377 1065 407 1089 et
425 1060 491 1089 Gre.
509 1060 555 1089 IX
579 1061 662 1096 396);
699 1059 996 1093 Benedictus,
1032 1069 1086 1097 pro

373 1115 437 1143 epo.
456 1104 525 1133 Var.
543 1114 573 1133 se
589 1114 693 1142 gerens
711 1104 755 1140 (P.
775 1105 812 1132 10
823 1104 900 1140 234),
919 1103 1031 1132 citatur
1047 1102 1086 1131 ad

372 1148 492 1178 Curiam
516 1148 603 1177 Rom.
630 1149 704 1177 1240
727 1148 803 1177 Nov.
830 1149 864 1177 15
888 1148 933 1184 (P.
959 1148 995 1176 10
1006 1148 1084 1183 961).

373 1192 472 1222 forsan
486 1207 518 1217 =
534 1192 662 1221 Varnen.
677 1192 724 1221 vel
737 1192 863 1221 Vernen.
876 1209 914 1212 —
926 1191 1084 1221 Varissien.

371 1247 396 1266 v.
416 1237 557 1266 Verisien.
575 1254 614 1258 —
633 1236 826 1266 Warmatien.
845 1246 869 1265 v.
890 1235 1084 1265 Wormatien.

372 1281 400 1310 A
410 1291 434 1310 ιι
443 1291 458 1310 s
469 1291 485 1310 e
497 1281 507 1310 l
519 1291 548 1310 m
561 1291 581 1310 u
593 1291 606 1310 s
640 1291 719 1310 cons.
746 1282 820 1310 1250
841 1281 917 1319 Aug.
942 1281 986 1309 28.

373 1325 599 1354 Arnaldus
644 1324 709 1363 jam
743 1325 781 1355 el.
818 1326 892 1354 1220
930 1324 1011 1363 Sept.
1050 1325 1085 1354 25

374 1369 466 1406 (Ηοιι.
489 1369 537 1398 ΙΙΙ
559 1370 656 1406 2727).

374 1413 397 1442 Ρ
410 1414 428 1442 h
441 1414 450 1442 i
464 1414 473 1442 l
485 1413 494 1442 i
506 1424 525 1452 p
538 1424 557 1452 p
570 1424 588 1443 o
602 1415 700 1450 (1252)
713 1423 822 1442 munus
832 1423 961 1442 consecr.
973 1413 1088 1451 impen-

373 1458 441 1487 dere
450 1457 574 1496 jubetur
583 1468 684 1496 aepus.
696 1458 852 1487 Cassellen.
865 1458 909 1494 (P.
922 1458 957 1486 14
969 1458 1023 1487 541
1035 1459 1085 1493 ss.)

380 1525 386 1531 .
399 1525 405 1531 .
423 1512 496 1541 epus
509 1512 569 1531 occ.
587 1503 660 1531 1213
673 1502 762 1531 Mart.
779 1503 814 1531 14
829 1502 874 1539 (P.
889 1502 986 1538 4681),
1014 1502 1085 1531 1217

373 1546 444 1575 Maii
463 1548 499 1576 26
517 1551 548 1575 et
566 1547 639 1575 1222
659 1546 731 1576 Jun.
752 1547 788 1575 10
805 1546 897 1583 (Hon.
917 1546 965 1574 III
983 1546 1038 1575 594
1057 1549 1087 1574 et

373 1591 469 1628 4035),
500 1592 573 1621 1252
603 1591 672 1620 Jan.
702 1592 739 1620 26
767 1590 812 1627 (Ρ.
843 1591 877 1619 14
890 1591 972 1627 485);
1013 1591 1085 1619 1297

372 1635 444 1664 Maii
466 1636 502 1664 29
526 1635 601 1664 Bon.
626 1635 702 1664 VIII
727 1636 825 1672 (1844)
849 1635 873 1663 L
885 1644 903 1663 a
915 1645 945 1663 m
958 1634 977 1663 b
990 1645 1006 1663 e
1018 1644 1032 1663 r
1043 1638 1058 1662 t
1069 1644 1086 1663 o

373 1679 411 1708 ad
430 1679 540 1718 Aquin.
561 1679 709 1708 translato
727 1678 866 1708 concedit
883 1678 940 1708 fac.
961 1678 1087 1716 eligendi

372 1733 498 1753 success.
522 1723 553 1752 in
576 1724 644 1753 eccl.
670 1723 790 1762 Veglen.

377 1768 448 1798 1207
465 1767 486 1797 J
487 1768 526 1797 ul.
541 1769 576 1798 27
591 1768 658 1797 Inn.
674 1768 722 1796 III
736 1767 864 1802 ordinat,
879 1771 915 1796 ut
928 1767 996 1796 eccl.
1012 1766 1085 1796 Ven.

374 1811 528 1850 proprium
550 1817 581 1841 et
602 1812 761 1850 specialem
783 1811 895 1840 habeat
916 1821 1015 1850 epum.
1040 1811 1085 1847 (P.

376 1857 477 1893 3246);
496 1856 524 1885 R
536 1856 575 1885 ai
587 1867 607 1885 n
619 1866 637 1885 a
650 1857 657 1885 l
670 1856 690 1885 d
702 1866 722 1885 u
735 1866 748 1885 s
770 1856 856 1885 adest
869 1856 899 1885 in
912 1855 999 1885 Curia
1014 1856 1087 1884 1254

375 1910 414 1929 ιιι.
439 1900 509 1930 Jan.
533 1901 611 1938 (Inn.
635 1900 677 1929 IV
700 1901 796 1937 7433).

376 1944 412 1980 (Ρ
424 1954 439 1973 0
451 1948 465 1973 t
477 1955 491 1974 r
502 1955 522 1973 u
534 1955 564 1974 m
585 1945 603 1982 †
625 1946 710 1982 1210)
732 1955 831 1983 epum.
854 1954 1031 1982 suspensum
1052 1947 1087 1972 ut

375 1998 562 2018 excommun.
589 1989 749 2018 vitandum
773 1988 891 2027 publice
915 1987 1087 2017 denuntiari

376 2031 462 2070 jubet
479 2033 546 2062 Inn.
565 2033 614 2062 III
633 2034 706 2062 1199
724 2033 796 2071 Apr.
815 2034 833 2062 8
852 2033 896 2070 (P.
916 2033 983 2069 660)
1002 2036 1033 2061 et
1050 2031 1087 2061 de

375 2086 485 2106 excess.
501 2076 565 2115 ejus
578 2076 688 2116 inquiri
703 2078 776 2106 1204
792 2077 863 2106 Jun.
879 2078 897 2106 8
911 2077 956 2114 (P.
972 2078 1085 2113 2238)-;

375 2120 399 2149 P
411 2131 427 2149 e
439 2125 453 2150 t
464 2131 479 2150 r
490 2131 511 2150 u
522 2131 536 2150 s
548 2122 646 2158 (1298)
660 2121 722 2150 obt.
736 2121 781 2150 lic.
794 2124 864 2150 test.
878 2122 953 2150 1320
966 2121 1037 2150 Jun.
1052 2122 1088 2150 10

377 2164 439 2201 (Jo.
461 2165 557 2194 XXII
580 2166 616 2194 10
627 2166 705 2202 840).

383 2231 389 2238 .
402 2232 408 2238 .
426 2219 508 2247 epus.
527 2219 587 2238 occ.
608 2210 683 2238 1230
701 2209 770 2238 Jan.
789 2210 826 2238 23
844 2208 925 2246 (Gre.
945 2209 991 2238 IX
1009 2210 1086 2246 464).

382 2276 389 2282 .
402 2276 408 2282 .
425 2263 507 2292 epus.
532 2253 657 2282 interest
680 2253 804 2282 concilio
827 2253 879 2282 IV.
903 2253 1043 2282 Lateran.

375 2298 401 2326 A
414 2297 423 2326 l
436 2297 455 2326 b
467 2307 483 2326 e
494 2308 509 2326 ι·
521 2302 535 2326 t
546 2308 566 2326 u
578 2307 592 2326 s
609 2298 682 2327 1205
698 2307 758 2327 non
773 2297 800 2334 †‚
828 2297 879 2326 sed
895 2297 933 2326 ad
949 2297 1087 2327 Hieroso—

375 2341 446 2380 lym.
462 2342 525 2377 trl.;
541 2341 567 2370 ei
581 2341 715 2371 succedit
730 2341 756 2370 G
769 2351 788 2370 u
800 2351 818 2370 a
831 2342 839 2370 l
851 2351 869 2370 a
883 2365 888 2376 ‚
915 2341 966 2380 qui
980 2341 1044 2371 eod.
1060 2351 1086 2371 a.

377 2387 450 2415 1205
475 2386 585 2422 (adhuc
608 2386 656 2422 el.)
681 2385 718 2415 fit
743 2385 771 2415 S.
796 2386 833 2415 R.
858 2385 893 2414 E.
917 2385 996 2415 card.
1022 2385 1086 2422 (cfr.

374 2440 403 2468 p.
415 2431 433 2458 4
443 2440 487 2459 nr.
502 2431 562 2467 13);
575 2430 612 2459 de
629 2430 647 2459 J
659 2440 676 2459 a
687 2440 703 2459 c
713 2440 731 2459 o
742 2430 760 2459 b
771 2440 789 2459 ο
808 2430 860 2459 cfr.
877 2429 943 2459 Gre.
956 2430 1003 2458 IX
1014 2431 1090 2460 2450

374 2474 413 2503 ad
428 2476 445 2503 9
461 2474 550 2504 Mart.
568 2475 655 2509 1235;
683 2474 713 2503 Μ
726 2484 744 2503 a
755 2484 770 2503 r
782 2478 795 2503 t
807 2474 816 2503 i
828 2484 848 2502 n
860 2484 880 2503 u
892 2484 906 2503 s
922 2475 1020 2511 (1243)
1037 2473 1088 2503 ad-

375 2518 433 2547 huc
447 2519 482 2548 el.
499 2519 572 2548 1249
589 2518 658 2548 Jan.
675 2521 690 2548 7
707 2518 785 2555 (Inn.
802 2518 844 2547 IV
858 2519 959 2555 4276);
986 2518 1014 2547 R
1026 2517 1065 2547 ai
1078 2535 1088 2539 -

375 2573 395 2591 n
407 2573 422 2592 e
434 2573 449 2591 r
460 2563 469 2592 i
482 2573 502 2592 u
514 2573 527 2592 s
573 2562 636 2592 obt.
673 2563 718 2592 lic.
755 2566 825 2591 test.
863 2563 935 2592 1307
974 2562 1034 2591 Jul.
1071 2563 1088 2591 4

377 2607 447 2644 (Cle.
470 2607 496 2635 V
519 2608 614 2644 1849).

377 2650 407 2680 ἰιι
423 2651 481 2680 litt.
499 2651 579 2680 Hon.
597 2651 645 2680 III
663 2652 761 2688 (4202)
780 2652 853 2680 1223
871 2650 940 2680 Jan.
959 2651 994 2679 18
1010 2649 1089 2679 datis

379 2695 492 2724 mentio
521 2695 558 2724 fit
583 2695 620 2724 de
647 2695 732 2724 obitu
761 2695 801 2732 (b.
830 2705 868 2724 m.
897 2694 1089 2724 Conradi

375 2739 431 2778 epi.
454 2739 580 2769 Verden.
593 2740 627 2776 ἓ).

378 2784 452 2813 1210
470 2784 541 2813 Dec.
562 2786 577 2814 7
598 2785 687 2822 (post.
709 2784 811 2812 transl.
834 2783 859 2812 G
872 2793 921 2812 ua
934 2782 1022 2811 rini
1051 2782 1090 2811 ad

375 2827 563 2866 Thessalon.)
583 2838 643 2857 occ.
670 2851 676 2857 .
689 2851 695 2857 .
713 2828 748 2857 el.
769 2827 884 2856 Verien.
906 2827 950 2864 (P.
970 2828 1067 2863 4140).

376 2880 413 2909 de
423 2881 449 2909 A
461 2880 480 2910 d
493 2881 560 2910 ela
572 2891 586 2910 r
597 2881 617 2910 d
630 2891 648 2910 o
669 2881 721 2910 cfr.
734 2881 792 2910 litt.
805 2881 871 2910 Inn.
884 2880 931 2909 III
942 2879 1005 2919 jam
1017 2881 1091 2909 1198

377 2924 443 2954 Oct.
456 2927 473 2954 5
494 2924 582 2954 datas
595 2925 639 2962 (P.
653 2927 735 2961 389);
759 2925 838 2954 Alb
851 2935 866 2954 0
878 2935 892 2954 r
904 2929 918 2953 t
930 2935 949 2953 u
961 2935 974 2953 s
996 2926 1091 2962 (prae-

379 2968 467 2998 bend.
501 2969 622 3004 Veron.)
666 2979 726 2998 occ.
769 2969 831 3007 jam
866 2970 939 2998 1223
972 2968 1041 2997 Maii
1075 2969 1091 2997 4

1190 485 1207 503 *
1221 485 1358 514 Verulan.

1191 573 1207 591 *
1221 573 1404 612 Vesprimen.

1191 661 1312 690 Vestan.

1192 749 1364 779 Wexionen.

1192 838 1208 855 *
1223 838 1324 867 Vican.

1193 1015 1209 1032 *
1223 1014 1322 1044 Vicen.

1194 1103 1342 1132 Vicentin.

1196 1723 1338 1752 Viennen.

1196 2032 1330 2070 Vigilien.

1196 2165 1212 2183 *
1226 2165 1449 2204 Vigintimilien.

1202 2430 1380 2469 Wigornien.

1201 2881 1381 2910 Wintonien.

2059 210 2242 242 XXXXIII

1536 308 1626 345 (Hon.
1652 308 1700 337 III
1724 310 1824 346 4338);
1862 310 1936 339 1250
1959 308 2025 339 Oct.
2051 310 2084 338 11
2110 309 2176 339 Ιιιιι.
2201 309 2244 338 IV

1536 353 1635 389 (4861)
1667 352 1722 381 sibi
1752 358 1885 382 reservat
1915 353 2024 392 provis.
2061 354 2129 383 eccl.
2161 353 2243 388 Ver.;

1537 396 1760 426 Gerardus
1808 397 1906 426 adhuc
1942 398 1977 427 el.
2017 398 2089 427 1259
2128 397 2188 427 Jul.
2226 399 2244 427 9

1536 441 1580 477 (P.
1604 442 1718 477 17635).

1537 485 1556 514 J
1569 495 1586 514 ο
1599 495 1616 514 a
1628 495 1648 514 n
1660 495 1680 514 n
1692 496 1707 514 e
1719 495 1733 514 s
1762 495 1846 524 prov.
1868 487 1941 515 1223
1961 486 2026 515 Oct.
2047 488 2064 515 6
2084 486 2175 523 (Hon.
2196 486 2243 515 III

1534 530 1630 565 4521)

1541 573 1568 602 R
1580 584 1597 602 o
1608 573 1627 602 b
1638 584 1653 602 e
1663 584 1677 602 r
1688 578 1701 602 t
1712 584 1730 603 u
1741 584 1754 602 s
1776 584 1835 603 occ.
1850 574 1948 603 adhuc
1961 584 1987 603 a.
2005 575 2076 603 1219
2091 575 2182 612 (Hon.
2197 575 2244 603 III

1537 672 1596 691 occ.
1622 672 1726 700 ..epus
1746 663 1818 691 1224
1838 662 1908 691 Jun.
1930 664 1964 692 16
1983 663 2073 699 (Ηοιι.
2093 663 2141 691 III
2158 664 2244 699 5045)

1540 710 1570 735 et
1599 706 1667 735 ..el.
1694 707 1764 736 1291
1791 706 1861 735 Maii
1886 708 1920 736 15
1946 707 2021 743 (Nic.
2047 707 2089 735 IV
2112 708 2188 736 5110
2209 709 2245 743 s.)

1538 750 1557 779 J
1571 761 1588 779 ο
1600 761 1618 779 a
1630 761 1649 779 n
1662 760 1681 779 n
1694 761 1709 779 e
1721 761 1735 779 s
1777 761 1837 779 occ.
1871 750 1962 780 etiam
1996 752 2068 780 1208
2100 751 2176 780 Nov.
2211 752 2246 780 13

1539 795 1583 831 (P.
1605 796 1701 831 3534).

1539 840 1612 868 1252
1630 838 1711 877 Sept.
1729 840 1746 867 8
1763 839 1828 868 Inn.
1847 839 1888 867 IV
1906 841 2004 876 (5970)
2021 839 2147 868 mandat
2161 849 2244 878 aepo.

1538 882 1751 918 Beneventan.‚
1788 887 1823 912 ut
1856 885 2036 914 Rainaldum
2071 885 2142 920 (non
2177 883 2246 912 Rai-

1538 927 1696 964 mundum)
1714 927 1859 961 Zottonis,
1877 938 1942 956 can.
1957 928 2131 962 Benevent.‚
2149 928 2173 957 si
2185 927 2246 956 ido-

1539 981 1613 1000 neus
1633 971 1681 1006 sit,
1703 971 1870 1000 confirmet.

1537 1015 1574 1044 de
1590 1016 1694 1054 resign.
1717 1015 1915 1045 Guilelmi
1938 1016 1989 1045 cfr.
2007 1016 2098 1045 etiam
2117 1016 2183 1045 Gre.
2202 1016 2247 1044 IX

1539 1061 1594 1089 999
1615 1060 1654 1088 ad
1675 1062 1710 1090 27
1732 1060 1809 1089 Nov.
1834 1061 1915 1089 1232.

1540 1103 1576 1132 de
1598 1104 1742 1133 cassanda
1764 1108 1818 1133 aut
1839 1104 1974 1133 confirm.
1998 1105 2081 1133 elect.
2105 1104 2160 1143 epi.
2184 1104 2246 1133 Vic.

1539 1148 1643 1177 scribit
1663 1149 1728 1178 Inn.
1751 1149 1799 1177 ΙΙΙ
1819 1159 1846 1178 a.
1869 1150 1940 1177 1201
1964 1149 2189 1187 (Mart.—Apr.)
2209 1148 2248 1178 ad

1538 1196 1615 1230 patr.
1651 1193 1823 1231 Aquilegen.
1861 1193 1905 1229 (P.
1943 1194 2042 1230 1336);
2089 1193 2117 1222 U
2129 1193 2148 1222 b
2160 1203 2176 1222 e
2188 1203 2202 1222 r
2214 1192 2248 1222 ti

1539 1237 1652 1265 amotio
1678 1237 1813 1266 confirm.
1842 1238 1914 1266 1212
1943 1237 2003 1266 Jul.
2031 1239 2047 1267 7
2075 1237 2119 1274 (P.
2146 1238 2248 1274 4555);

1541 1281 1612 1311 1217
1634 1281 1715 1319 Sept.
1735 1283 1752 1310 6
1770 1291 1851 1320 epus.
1871 1281 1976 1319 Regin.
1996 1285 2031 1310 ut
2048 1281 2159 1310 admin.
2178 1281 2248 1310 eccl.

1540 1325 1601 1354 Vic.
1618 1325 1752 1354 confirm.
1770 1326 1860 1362 (Hon.
1878 1325 1926 1354 III
1941 1326 2023 1362 774);
2050 1325 2074 1354 B
2087 1336 2105 1354 a
2116 1336 2131 1354 r
2142 1329 2156 1354 t
2168 1325 2187 1354 h
2199 1325 2247 1354 ol.

1542 1370 1615 1398 1266
1637 1369 1708 1399 Jun.
1731 1371 1766 1398 22
1788 1374 1935 1404 monetur,
1957 1374 1992 1398 ut
2012 1369 2043 1398 in
2063 1374 2163 1408 epatu.
2185 1379 2248 1408 per-

1539 1418 1655 1442 severet
1686 1414 1730 1451 (P.
1764 1415 1798 1443 19
1812 1416 1893 1450 709);
1942 1414 1966 1443 P
1978 1424 1993 1442 e
2006 1418 2020 1442 t
2031 1424 2045 1443 r
2057 1424 2077 1443 u
2088 1424 2102 1443 s
2150 1415 2248 1452 (1290)

1542 1457 1611 1487 Jan.
1632 1460 1650 1488 5
1679 1458 1807 1487 vicarius
1834 1458 1864 1487 in
1884 1458 1979 1496 spirit.
2000 1458 2031 1487 in
2050 1458 2249 1487 Romandiola

1542 1502 1618 1538 (Nic.
1641 1502 1683 1531 IV
1704 1503 1799 1539 1922),
1821 1503 1839 1540 †
1858 1506 1929 1531 ante
1951 1503 1984 1532 17
2007 1502 2068 1531 Jul.
2090 1504 2162 1539 (non
2181 1506 2250 1541 post

1541 1547 1576 1575 16
1596 1546 1671 1584 Jul.)
1691 1548 1763 1576 1295
1784 1547 1828 1584 (P.
1848 1548 1968 1583 24138);
1999 1547 2027 1575 R
2039 1546 2110 1575 ain
2121 1546 2192 1576 ald
2204 1557 2224 1576 u
2235 1557 2250 1575 s

1541 1590 1589 1627 (de
1601 1591 1778 1626 Mediolano,
1790 1601 1855 1620 can.
1867 1591 2011 1626 Lauden„
2024 1591 2075 1620 cfi.
2088 1591 2121 1620 P.
2134 1592 2170 1620 24
2181 1592 2248 1628 410)

1541 1634 1578 1663 fit
1594 1635 1718 1664 nuntius
1735 1635 1774 1664 ad
1792 1645 1890 1673 regem
1908 1635 2012 1665 Franc.
2034 1636 2105 1665 1299
2123 1635 2194 1674 Apr.
2213 1636 2250 1664 28

1541 1679 1585 1715 (P.
1608 1680 1645 1709 26
1657 1681 1734 1716 626).

1541 1723 1599 1752 Cle.
1614 1723 1657 1752 IV
1670 1725 1743 1753 1266
1754 1723 1820 1753 Oct.
1835 1725 1868 1753 11
1885 1723 1998 1753 Simoni
2010 1723 2057 1752 tit.
2071 1734 2093 1753 s.
2108 1723 2250 1754 Caeciliae

1540 1767 1636 1805 presb.
1654 1768 1732 1797 card.
1750 1772 1780 1797 et
1795 1772 1891 1806 apost.
1909 1767 1986 1797 sedis
2001 1768 2099 1806 legato
2114 1768 2248 1803 mandat,

1540 1816 1575 1840 ut
1591 1811 1616 1841 G
1629 1822 1648 1841 u
1660 1812 1669 1840 i
1681 1812 1701 1841 d
1713 1822 1731 1841 o
1743 1822 1763 1840 n
1775 1822 1790 1841 e
1803 1823 1832 1841 m
1859 1812 2071 1850 (d'Auvergne)
2086 1812 2117 1841 in
2130 1822 2248 1851 aepum.

1541 1855 1684 1885 Viennen.
1701 1856 1847 1885 admittat
1862 1856 1947 1895 eique
1963 1856 2080 1885 ordines
2096 1860 2126 1885 et
2142 1866 2250 1885 munus

1540 1910 1620 1929 cons.
1640 1900 1796 1939 impendat
1815 1901 1859 1937 (P.
1882 1902 1916 1929 19
1929 1901 2011 1937 828);
2031 1904 2100 1938 post
2118 1900 2182 1939 ejus
2200 1900 2248 1929 ob.

1540 1944 1576 1973 de
1593 1944 1717 1983 ancipiti
1734 1944 1908 1974 successoris
1926 1945 2009 1973 elect.
2028 1944 2127 1983 agitur
2143 1945 2173 1973 in
2190 1945 2248 1974 litt.

1541 1988 1605 2018 Nic.
1628 1989 1676 2017 III
1697 1990 1733 2018 22
1756 1989 1837 2027 Sept.
1862 1990 1934 2019 1279
1955 1988 2035 2018 datis
2056 1989 2100 2026 (P.
2123 1990 2248 2026 21640).

1541 2032 1618 2062 inter
1638 2033 1795 2062 Albertum
1817 2037 1847 2062 et
1868 2033 1990 2062 Hieron.
2013 2032 2184 2062 inserendus
2205 2037 2251 2062 est

1542 2078 1668 2113 Sergius,
1680 2087 1757 2115 mag.
1771 2081 1802 2106 et
1813 2077 1843 2106 in
1856 2077 1944 2106 Curia
1956 2077 2044 2106 Rom.
2057 2077 2185 2112 auditor,
2199 2077 2250 2116 qui

1543 2122 1616 2150 1268
1634 2121 1704 2151 Jun.
1723 2123 1740 2151 8
1757 2126 1792 2150 ut
1808 2122 1843 2150 el.
1862 2121 1926 2159 vig.
1945 2131 2005 2150 occ.
2025 2121 2094 2158 (Cle.
2114 2121 2155 2150 IV
2172 2123 2248 2158 636).

1541 2165 1775 2201 Nicolaus,
1810 2166 1845 2194 el.
1869 2169 1940 2194 ante
1962 2167 1979 2194 9
2004 2165 2064 2194 Jul.
2090 2167 2163 2195 1233
2185 2166 2250 2203 (cfr.

1543 2209 1609 2238 Gre.
1622 2210 1669 2238 IX
1681 2211 1775 2246 1372),
1788 2220 1885 2239 accus.
1897 2209 1933 2238 de
1944 2209 2079 2245 simonia,
2091 2210 2202 2239 citatur
2212 2210 2250 2239 ad

1542 2253 1660 2283 Curiam
1685 2254 1721 2283 R.
1748 2255 1821 2283 1236
1846 2254 1923 2283 Nov.
1949 2255 1985 2282 22
2010 2254 2054 2291 (Ρ.
2082 2255 2118 2283 10
2129 2255 2196 2291 265)
2220 2259 2251 2284 ct

1541 2302 1662 2336 propter
1689 2298 1835 2327 malitiam
1862 2298 2002 2336 suspend.
2029 2298 2069 2327 ab
2094 2298 2194 2328 officio
2220 2302 2252 2328 et

1543 2342 1687 2371 beneficio
1716 2343 1790 2371 1240
1818 2342 1889 2371 Jun.
1919 2343 1954 2371 26
1983 2342 2028 2379 (P.
2058 2343 2094 2371 10
2104 2343 2169 2377 902,
2197 2343 2250 2372 cfr.

1543 2386 1609 2415 Inn.
1636 2386 1678 2415 IV
1702 2387 1757 2416 562
1782 2390 1812 2415 et
1836 2388 1892 2416 584
1916 2386 1955 2415 ad
1981 2387 2016 2415 18
2040 2386 2127 2415 Mart.
2154 2388 2250 2423 1244).

1547 2430 1577 2459 M
1590 2440 1607 2459 a
1620 2441 1639 2460 u
1651 2440 1669 2469 g
1681 2441 1696 2459 e
1708 2441 1722 2459 r
1734 2441 1754 2460 ιι
1766 2441 1779 2459 s
1810 2435 1875 2459 erat
1896 2430 1981 2459 adiac
1995 2430 2169 2465 Eboracen„
2190 2431 2249 2460 def.

1542 2478 1605 2503 nat.
1623 2474 1740 2513 patiens
1757 2475 1802 2511 (P.
1819 2476 1875 2504 953
1891 2474 1930 2503 ad
1946 2476 2034 2509 22s28
2050 2474 2136 2504 Febr.
2150 2476 2250 2511 1200);

1546 2519 1581 2547 W
1594 2529 1611 2547 a
1624 2519 1632 2548 l
1645 2523 1658 2548 t
1670 2529 1685 2548 e
1697 2529 1711 2548 r
1723 2529 1742 2547 u
1754 2529 1768 2548 s
1789 2519 1826 2548 de
1838 2519 2003 2557 Cantilupe,
2016 2518 2078 2557 jam
2089 2519 2134 2553 el„
2147 2519 2250 2557 recipit

1545 2573 1562 2591 a
1582 2563 1610 2592 S.
1631 2563 1662 2592 P.
1682 2563 1743 2592 ord.
1762 2563 1894 2592 subdiac.
1913 2567 1944 2591 et
1961 2562 2035 2592 diac.
2055 2564 2126 2592 1237
2145 2563 2215 2601 Apr.
2233 2564 2250 2592 4

1546 2607 1591 2644 (P.
1614 2607 1627 2636 I
1647 2608 1703 2637 876
1723 2609 1758 2644 s.)
1779 2610 1810 2636 et
1830 2609 1911 2645 (post
1930 2607 1992 2636 ord.
2014 2607 2122 2645 presb.)
2144 2617 2251 2636 munus

1546 2661 1674 2680 consecr.
1695 2651 1766 2689 Apr.
1786 2652 1822 2680 26
1841 2655 1895 2680 aut
1914 2651 1984 2680 Maii
2004 2653 2021 2680 3
2041 2651 2104 2688 (cfr.
2127 2650 2192 2680 Gre.
2204 2651 2250 2680 IX

1549 2697 1623 2725 3669
1636 2695 1674 2724 ad
1687 2695 1888 2732 7Maii1237);
1913 2695 1991 2724 Nic
2004 2695 2073 2724 ola
2084 2705 2104 2724 u
2117 2706 2130 2724 s
2153 2696 2251 2732 (1266)

1545 2744 1609 2769 erat
1620 2750 1696 2778 mag.
1708 2749 1810 2777 regens
1819 2739 1849 2768 in
1860 2739 1949 2768 theol.
1961 2739 2052 2768 Paris.
2065 2739 2108 2776 (P.
2120 2741 2157 2768 20
2168 2741 2249 2776 282);

1543 2784 1578 2813 W
1591 2794 1608 2813 a
1621 2784 1629 2812 l
1641 2788 1655 2812 t
1666 2794 1681 2813 0
1693 2794 1707 2812 r
1719 2794 1738 2813 u
1750 2793 1764 2812 s
1773 2783 1949 2821 (Reynolds)
1959 2783 2021 2812 obt.
2031 2783 2087 2812 fac.
2098 2793 2135 2818 „a
2144 2783 2250 2822 quoc.“

1546 2830 1619 2857 1308
1640 2828 1726 2857 Mart.
1755 2851 1761 2857 .
1774 2828 1858 2864 .(Cle.
1882 2827 1907 2856 V
1928 2829 2023 2864 2559).

1546 2881 1569 2910 Ρ
1581 2892 1596 2910 0
1609 2886 1622 2910 t
1634 2892 1648 2910 r
1660 2891 1679 2910 u
1690 2891 1704 2909 s
1741 2881 1818 2910 conf.
1847 2891 1864 2909 a
1894 2880 1922 2910 S.
1952 2881 1984 2910 P.
2014 2881 2086 2910 1205
2115 2881 2186 2910 Jun.
2215 2882 2247 2910 21

1546 2926 1590 2962 (P.
1618 2927 1717 2961 2549);
1756 2925 1775 2954 J
1788 2935 1805 2954 o
1817 2935 1835 2953 a
1847 2935 1866 2953 n
1879 2934 1898 2953 n
1911 2935 1926 2953 e
1938 2934 1952 2953 s
1989 2925 2086 2961 (1282)
2112 2925 2196 2954 adest
2220 2925 2250 2954 in

1547 2969 1634 2998 Curia
1644 2970 1680 2998 R.
1693 2971 1767 2998 1300
1774 2969 1849 3007 Aug.
1861 2970 1898 2998 24
1908 2969 1952 3005 (P.
1964 2970 2056 2998 24974
2065 2969 2118 2998 cfr.
2128 2970 2163 2998 24
2175 2970 2249 3005 174).

2045 3020 2084 3052 6*
