2436 3328
0 282 3 283 ⁷
51 253 225 317 ἵΒοὴοι-ιῑ
247 264 380 306 (1493)5)

2 326 4 328 ’
46 323 55 334 ’·
82 320 154 354 Joa.
176 318 218 351 ed
238 317 374 349 Leonen.

53 496 66 516 ““
80 504 191 538 rnna.
207 503 299 543 (1432
309 502 439 541 De0.31)

52 566 89 585 ’”·ι
115 582 123 589 .
144 556 176 589 h.
197 566 312 587 comm.

50 621 62 638 Φ
78 610 155 647 {Jun.
175 609 217 641 ad
236 608 439 640 Alexandrin.

49 662 164 707 (hid.
186 662 228 694 ad
249 660 400 700 Hierosss)

50 742 57 758 ,
92 715 168 748 Ant.
188 715 279 756 (1472
300 714 369 746 oct.
392 715 441 753 15)

45 759 65 815 ‘J'
88 769 166 810 neg.
183 769 274 808 (1482
292 768 367 799 Jun.
383 766 442 806 ηδ)

44 831 75 857 ³·
87 821 180 855 Fran.
196 822 287 861 (1492
301 820 376 852 Feb.
391 821 442 859 23)

56 899 65 909 .
87 874 143 908 Ge.
165 874 206 906 ad
227 873 420 914 Rothomag.

38 932 75 968 ef.
94 927 182 960 Petri
204 927 296 967 (1502
322 926 349 958 V
370 927 422 965 23)

473 555 613 586 Joannes
635 553 687 593 (de
708 553 899 591 Hariouria),
922 563 970 593 ep.
994 552 1166 583 Tornacen.

473 767 657 798 Franciscus
679 764 782 802 Halle,
806 765 906 796 adiac.
931 764 1080 795 Parisien.

474 926 658 957 nanciseus
682 924 856 956 Guilelmus
879 924 930 963 (de
952 923 1163 962 Castelnau)⁶)

73 1188 440 1199 .........

477 1455 619 1487 Andreas
640 1454 762 1485 Nicolai
785 1454 920 1485 Amthos

23 1482 79 1551 b‘.
90 1510 213 1542 Erasini
228 1510 320 1550 (1414
331 1510 445 1550 prom.)
480 1509 620 1540 Joannes
643 1508 680 1539 0.
704 1508 792 1545 Min„
816 1507 903 1538 bace.
928 1507 959 1538 in
984 1506 1107 1546 theom)

483 1863 636 1890 Hmeten.

98 1908 121 1941 ε)
140 1908 179 1934 Et
193 1916 283 1934 revoc.
301 1907 404 1933 admin.
423 1906 486 1932 eccl.
505 1907 660 1932 Nanneten.
679 1906 788 1932 Caesari
803 1905 839 1931 de
855 1905 940 1938 Borja
958 1905 984 1930 S.
1004 1905 1037 1930 R.
1056 1904 1088 1930 E.

82 1965 88 1975 ·
124 1955 154 1979 et
171 1952 204 1979 el.
224 1951 363 1978 Valentin.
384 1952 401 1977 9
419 1951 489 1985 Aug.
512 1951 580 1977 1493
599 1951 761 1976 commissae
790 1949 847 1982 (Αο
865 1950 970 1976 Camer.
991 1949 1015 1980 I,
1035 1949 1088 1980 34).

104 1997 127 2030 ⁸)
145 1997 196 2024 Cui
215 1998 340 2022 remanet
351 1996 380 2022 in
392 2004 491 2022 comm.
506 2003 578 2021 mon.
593 1995 619 2020 b.
632 1995 736 2021 Mariae
751 1994 786 2020 de
802 1994 950 2028 Aquaviva
966 1994 996 2020 O.
1015 2002 1035 2019 s.
1057 1993 1088 2019 A.

39 2042 73 2064 v'·
84 2054 118 2068 υ.
135 2041 237 2068 'Pul-on.
253 2055 290 2060 —
305 2040 340 2066 In
356 2040 518 2066 consistorio
537 2040 569 2065 14
587 2039 652 2066 Jun.
673 2039 741 2065 1499
758 2038 854 2064 habito
871 2038 944 2064 card.
965 2038 1091 2064 Senensis

22 2084 100 2121 ῌΦ
109 2085 218 2112 litteras
229 2085 367 2118 (Andreae
379 2084 414 2110 de
428 2084 561 2118 Spinayo)
574 2084 647 2109 card.
661 2083 852 2117 Lugdunensis
865 2083 901 2108 ad
913 2091 933 2108 s.
948 2082 1091 2116 collegium

30 2129 143 2159 Parisiis
163 2131 196 2156 15
215 2130 281 2164 Apr.
304 2129 372 2155 1499
390 2129 481 2159 datas,
502 2128 603 2162 quibus
620 2128 736 2154 fratrem
756 2135 837 2153 suum
856 2127 945 2153 eidem
964 2127 999 2152 de
1018 2135 1092 2152 novo

31 2174 261 2205 *commendabam
277 2182 310 2199 eo
319 2173 395 2207 quod
403 2173 549 2203 intellexit,
559 2175 682 2198 oratores
691 2172 800 2206 reginae
810 2172 906 2197 Franc.
919 2172 958 2203 (et
968 2171 1092 2197 ducissae

22 2217 206 2251 Britanniae)
226 2218 302 2252 apud
323 2217 350 2244 S.
372 2218 402 2243 P.
424 2217 515 2243 adhuc
535 2218 638 2242 instare
658 2225 708 2250 pro
727 2216 938 2242 confirmatione
959 2215 1093 2249 privilegii

16 2263 195 2294 nominandi
208 2262 347 2297 praesules
359 2262 396 2288 ad
409 2262 536 2287 ecclesias
549 2261 711 2287 Britanniae
724 2261 788 2286 duci
801 2261 867 2286 olim
881 2260 916 2286 ad
931 2260 1019 2286 vitam
1032 2260 1093 2292 ejus

31 2309 146 2336 uncum
164 2307 294 2338 concessi,
314 2309 343 2332 et
362 2306 414 2332 hoc
433 2306 585 2331 machinari
604 2305 697 2331 fratris
716 2305 759 2331 sui
778 2305 976 2335 adversarium,
996 2307 1028 2330 ut
1048 2304 1093 2329 illa

16 2352 244 2380 uonfirmatione
261 2351 378 2377 obtenta
395 2351 481 2384 ipsius
499 2350 649 2376 adversarii
666 2350 763 2375 electio
781 2349 871 2375 locum
890 2349 1013 2379 haberet,
1033 2357 1093 2382 pro-

34 2397 104 2424 v'uio
121 2399 216 2423 autem
233 2395 268 2422 de
285 2395 371 2421 fratre
389 2403 438 2421 suo
456 2395 513 2428 jam
532 2394 607 2420 faeta
625 2393 836 2424 rescinderetur;
865 2402 950 2427 quare
967 2393 1094 2418 dominos

18 2438 109 2468 eard
126 2441 244 2475 rogavit,
259 2442 293 2466 ut
308 2448 420 2474 operam
436 2439 544 2470 darent,
561 2447 595 2464 ne
611 2438 678 2472 quid
694 2447 711 2464 a
729 2438 755 2464 S.
773 2438 814 2468 P„
831 2437 905 2471 quod
922 2437 982 2470 ejus
998 2437 1095 2462 honori

37 2487 68 2512 et
88 2485 234 2512 eommodo
256 2484 352 2510 obesse
374 2486 475 2518 posset,
499 2483 697 2509 decerneretur.
744 2482 791 2509 Ac
814 2482 889 2508 Misc.
915 2481 1017 2512 XLIV,
1051 2481 1092 2509 62.

32 2528 116 2561 „Idem
127 2529 202 2556 eard.
217 2529 343 2555 Senensis
356 2528 384 2554 in
396 2528 557 2554 consistorio
572 2529 603 2553 18
615 2527 709 2553 Martii
723 2527 790 2552 1499
802 2526 898 2552 habito
911 2526 976 2560 legit
988 2526 1095 2551 litteras

16 2591 22 2601 „—
35 2573 161 2608 diffidam
176 2573 249 2600 eard.
266 2572 428 2607 Lugdunen.
459 2573 569 2598 Parisiis
584 2572 619 2598 30
634 2572 699 2598 Jan.
718 2572 785 2596 1499
800 2571 890 2601 datas,
907 2570 1007 2604 quibus
1022 2578 1094 2596 com-

16 2617 189 2645 <mundabat
207 2618 321 2643 fratrem
339 2625 420 2643 suum
439 2625 529 2650 epum.
550 2616 716 2646 Nanneten„
735 2624 770 2640 ne
788 2615 855 2648 quid
874 2615 902 2640 in
919 2623 983 2640 eum
1001 2614 1037 2640 ad
1056 2614 1094 2639 in-

27 2663 172 2697 ,stantiam
198 2665 339 2688 oratorum
364 2661 436 2687 illius
461 2661 570 2694 reginae
595 2664 623 2686 et
649 2660 773 2686 ducissae
799 2659 990 2685 decerneretur
1015 2667 1096 2692 super

19 2706 100 2741 ¹ejus
117 2707 279 2742 episcopatu
297 2705 452 2731 Nanneten.
491 2705 520 2731 L.
541 2714 563 2731 8.
584 2705 602 2730 f.
623 2706 665 2730 43.

26 2782 29 2786 s
113 2750 135 2783 ⁷)
154 2750 269 2781 Nobilis,
283 2749 454 2775 vieecancell.
470 2749 532 2775 duc.
548 2749 697 2775 Britaniae.
726 2748 775 2774 Cui
791 2756 888 2774 reserv.
906 2756 977 2773 mon.
993 2747 1028 2772 de
1043 2747 1096 2772 Ro-

31 2791 128 2829 ·thono
137 2795 223 2821 dioec.
234 2794 366 2820 Venetam.
378 2794 435 2827 jam
447 2794 522 2827 prius
532 2794 560 2819 in
571 2802 669 2819 comm.
682 2793 836 2818 obtentum.
858 2792 912 2818 Cfr.
924 2792 1095 2824 Mirapiscen.

22 2831 30 2855 ’ἑ
42 2838 80 2866 nd
95 2847 122 2866 a.
144 2839 218 2865 1493.
257 2838 334 2864 omit
352 2838 368 2863 2
388 2838 458 2864 Nov.
481 2839 555 2864 1506.

493 2892 645 2919 Narbonem

110 2936 132 2968 ¹)
151 2937 185 2962 In
205 2944 304 2962 comm.
328 2935 387 2967 (cfr.
411 2935 574 2961 Ambianen.
597 2939 625 2961 et
647 2935 796 2965 Bisuntin.)

658 160 892 196 Nanneten¹⁹
915 142 1155 194 Nar-bonon..
1178 155 1375 192 Narnien„
1398 154 1589 189 Naturen.

470 263 610 294 Joannes
637 262 688 301 (de
717 261 860 303 Spinay),
888 272 936 302 ep.
964 259 1191 301 Mirapiscen.⁶)

471 316 644 348 Guilelmus
671 314 861 356 (Gueguen)‚
888 314 989 345 adiac.
1017 317 1049 344 et
1076 324 1144 344 can.
1173 311 1381 350 Nanneten.⁷)

471 501 655 533 franciscus
680 499 910 531 Condulmarus
935 499 1020 530 card.
1049 498 1322 537 ,‚Venetiarum“¹)

471 607 647 639 Ludovicus
669 606 721 646 (de
743 605 933 644 Harieuria),
956 616 1004 646 ep.
1029 605 1182 636 Biterren.

471 661 629 692 Antonius
654 659 710 699 (du
735 659 798 690 Bec
822 659 974 699 Crespin),
1000 669 1048 699 ep.
1074 658 1260 689 Laudunen.

473 713 664 749 Reginaldus
688 712 739 752 (de
762 711 936 750 Bourbon),
961 722 1009 752 ep.
1034 711 1219 742 Laudunen.

476 820 626 855 Georgius
649 818 843 855 d’Amboise,
868 829 916 859 ep.
942 816 1194 856 Montisalban.⁴¹)

474 873 584 904 Petrus
609 871 660 911 (de
685 871 822 912 Absago,
847 870 1011 909 d’Abzae),
1037 881 1086 911 ep.
1112 869 1302 909 Lectoren.⁵)

475 1109 590 1145 Ianus,
617 1119 686 1140 can.
714 1109 788 1140 eccl.
816 1119 856 1139 ss.
885 1109 1015 1140 Cosmae
1042 1112 1075 1139 et
1101 1108 1194 1139 Dam.
1219 1108 1270 1148 (de
1292 1107 1390 1147 Urbe)

478 1163 700 1194 constantinus
730 1161 842 1201 (Eruli,
873 1173 961 1203 prov.
991 1163 1031 1192 24
1062 1161 1148 1202 Sept.
1181 1163 1282 1200 1462),
1312 1161 1390 1192 solv.

478 1216 607 1247 carolus
633 1215 846 1255 (Boccardini)
873 1215 912 1246 de
938 1215 1068 1252 Narnia,
1094 1215 1177 1246 decr.
1204 1214 1315 1245 doctor
1327 1214 1352 1253 1)

478 1269 588 1301 Petrus
611 1268 651 1299 de
677 1268 823 1305 Gormaz,
848 1269 983 1309 scriptor
1006 1272 1039 1299 et
1063 1268 1161 1299 famil.
1190 1268 1220 1298 S.
1246 1267 1308 1306 P.²)

75 1587 440 1596 .........
477 1562 635 1593 Antonius
662 1561 784 1592 Nicolai
811 1560 848 1592 0.
875 1561 951 1591 Min.
981 1560 1082 1599 (suffr.
1110 1560 1190 1601 aepi.
1219 1559 1392 1598 Gneznen.)

27 1614 41 1666 f:
76 1640 440 1650 .........
477 1615 689 1650 Hieronymus
700 1614 751 1654 (de
762 1614 1085 1650 Reitzenstein,m0n.
1098 1624 1139 1644 m.
1151 1613 1190 1643 de
1200 1612 1412 1654 Langheim)³)
1436 1613 1512 1644 1474
1533 1613 1615 1643 Nov.
1640 1613 1676 1643 16

479 1722 619 1753 «Ioannes
641 1721 681 1752 de
704 1720 887 1751 Radzieovo
911 1720 948 1751 Ο.
975 1719 1098 1756 Praed.‚
1123 1730 1204 1760 mag.
1230 1718 1352 1758 theol.⁴)

2174 152 2235 185 199

1424 259 1499 288 1493
1522 257 1603 288 Nov.
1626 258 1645 287 4
1695 251 1763 356 'AC
1784 256 1904 287 Camer.
1928 255 1954 293 Ι,
1976 257 2015 286 36

1423 311 1501 342 1500
1524 310 1610 352 Sept.
1633 311 1672 341 25
1712 310 1763 340 AC
1785 310 1905 340 Camer.
1928 309 1954 347 I,
1977 310 2015 340 89

597 415 827 450 Narbonen-
858 413 1100 455 (Narbonne)
1124 414 1158 446 in
1181 414 1297 454 Gallia,
1321 414 1462 454 metrop.
1486 412 1587 451 (9000
1609 411 1656 453 ss.)

1426 498 1502 528 1433
1719 519 2231 527 ...........

1427 551 1502 581 1436
1524 550 1606 581 Nov.
1629 551 1647 580 5
1714 549 1783 580 Obl.
1807 550 1855 585 66,
1879 549 1918 578 30

1427 605 1500 634 1451
1524 603 1599 634 Dec.
1625 603 1662 633 10
1715 602 1784 633 Obl.
1808 602 1856 638 72,
1879 602 1917 631 49
2235 612 2238 614 ’

1427 657 1504 687 1460
1527 657 1599 688 Jan.
1626 657 1661 687 18
1715 655 1762 686 Ρ11
1788 655 1819 685 II
1845 665 1873 685 a.
1899 655 1916 684 2
1941 654 2012 684 Lat.
2038 653 2057 685 l.
2083 664 2128 694 pr.
2154 653 2176 684 f.
2200 654 2240 683 85

1427 710 1503 741 1472
1525 710 1600 740 Dec.
1626 710 1661 739 16
1716 708 1785 740 Obl.
1808 709 1857 744 83,
1880 708 1918 737 26

1428 764 1503 793 1482
1528 762 1603 794 Julii
1629 764 1664 793 19
1716 762 1785 793 Obl.
1809 763 1858 798 83,
1881 760 1919 791 79

1428 817 1502 846 1491
1526 816 1602 846 Dec.
1625 817 1642 846 2
1716 815 1767 846 AC
1790 815 1909 845 Camer.
1934 813 1959 850 I,
1982 814 2018 844 21

1429 870 1505 899 1494
1527 869 1602 910 Apr.
1625 870 1661 899 21
1717 868 1768 899 AC
1790 868 1910 898 Camer.
1934 867 1960 904 Ι,
1983 867 2022 897 38

1430 923 1506 953 1502
1530 922 1617 953 Junii
1639 923 1677 952 22
1718 921 1770 952 AC
1791 921 1911 952 Camer.
1935 920 1960 957 Ι,
1986 920 2042 950 109

565 1025 757 1059 Karnion.
782 1023 940 1066 (Narni)
963 1024 996 1056 in
1022 1024 1116 1056 Italia
1139 1024 1259 1064 media,
1283 1023 1416 1056 immed.
1441 1023 1527 1064 subj.
1551 1023 1630 1063 (200
1652 1022 1702 1064 ss.)

1433 1108 1509 1138 1455
1533 1107 1619 1148 Sept.
1642 1109 1660 1138 3
1721 1106 1790 1138 obl.
1813 1106 1862 1143 72,
1885 1107 1923 1136 66

1434 1162 1509 1191 1462
1531 1161 1606 1192 Dec.
1632 1162 1669 1191 10
1721 1159 1790 1191 Obl.
1813 1160 1862 1196 79,
1885 1160 1921 1189 41

1434 1214 1510 1245 1472
1534 1214 1607 1245 Jan.
1630 1215 1648 1244 8
1722 1213 1791 1244 Obl.
1814 1214 1863 1250 83,
1886 1213 1924 1243 33

1435 1268 1511 1298 1498
1534 1267 1611 1298 Julii
1633 1267 1651 1297 4
1722 1266 1773 1297 Ac
1795 1266 1914 1297 Camer.
1938 1264 1964 1302 Ι,
1987 1266 2025 1295 66

614 1370 815 1404 Nfituren.
839 1368 1022 1412 (Athyra.)
1046 1368 1081 1400 in
1105 1369 1255 1407 Thracia,
1280 1368 1371 1400 suffr.
1397 1368 1660 1409 Constantinop„

1435 1454 1511 1484 1433
1532 1453 1607 1484 Dec.
1631 1454 1648 1484 2
1724 1452 1793 1483 Obl.
1817 1453 1865 1489 66,
1890 1452 1928 1482 10

1435 1507 1511 1537 1434
1533 1506 1614 1537 Nov.
1637 1507 1677 1536 20
1724 1505 1794 1537 Obl.
1817 1506 1866 1542 66,
1891 1506 1927 1535 16

1435 1561 1511 1590 1469
1535 1559 1623 1590 Junii
1644 1560 1682 1590 23

1787 1611 1906 1642 Schede
1927 1611 1959 1642 di
1983 1610 2133 1651 Garampi

1436 1666 1512 1697 1478
1722 1554 1739 1709 1

1436 1718 1511 1750 1497
1534 1719 1608 1750 Maii
1632 1719 1669 1748 10
1726 1718 1773 1749 Al.
1794 1717 1837 1749 VI
1855 1717 1926 1748 Lat.
1946 1728 1973 1748 a.
1995 1717 2032 1747 10
2048 1716 2067 1747 l.
2087 1727 2132 1757 pr.
2151 1715 2172 1746 f.
2191 1717 2250 1746 488

1266 1859 1287 1891 ²)
1307 1860 1345 1885 Et
1364 1859 1493 1892 Bajoeen.

1267 1904 1288 1936 ³)
1309 1904 1346 1930 Et
1364 1906 1398 1929 tr.
1420 1903 1528 1937 Georgii
1546 1903 1704 1929 d’Amboise
1725 1904 1756 1928 18
1776 1903 1841 1929 Jun.
1864 1903 1931 1928 1482
1949 1902 1981 1928 el.
2001 1901 2037 1927 ad
2055 1901 2248 1927 Montisalban.

1267 1948 1289 1980 ⁴¹)
1309 1948 1339 1974 L.
1360 1957 1382 1973 0.
1402 1948 1446 1974 die
1466 1949 1499 1973 14
1515 1948 1597 1973 Mart.
1620 1948 1687 1973 1492
1706 1956 1755 1981 pro
1773 1955 1805 1973 eo
1824 1946 1970 1980 expeditur
1987 1946 2015 1971 in
2034 1954 2142 1972 camera
2160 1948 2249 1979 apost.

1197 2001 1284 2018 unum
1303 1992 1438 2023 „Perinde
1456 1992 1573 2018 valere“.

1268 2037 1289 2069 ⁵)
1308 2037 1358 2063 Oui
1368 2039 1492 2062 remanet
1501 2037 1529 2062 in
1538 2045 1636 2062 comm.
1648 2044 1720 2061 mon.
1734 2036 1859 2061 Grassen.
1871 2035 1903 2061 O.
1917 2035 1942 2061 S.
1955 2035 1985 2060 B.
1997 2035 2081 2060 dioec.
2092 2034 2249 2061 Carcasson.

1270 2081 1291 2113 ⁸)
1312 2081 1363 2115 Ep.
1379 2089 1399 2106 s.
1411 2081 1504 2107 Pontii
1513 2081 1609 2106 Thom.
1620 2096 1656 2099 —
1664 2081 1738 2106 Mon.
1749 2089 1769 2106 s.
1781 2080 1881 2105 Tiberii
1892 2080 1923 2105 Ο.
1938 2080 1963 2105 S.
1976 2079 2007 2104 B.
2019 2079 2103 2105 dioec.
2115 2078 2248 2112 Agathen.

1199 2128 1228 2151 et
1247 2134 1267 2151 s.
1290 2126 1402 2151 Martini
1422 2125 1456 2151 de
1475 2125 1648 2159 Villamagna
1667 2125 1752 2150 dioec.
1775 2125 1907 2150 Biterren.
1930 2132 1977 2158 per
1996 2123 2056 2156 ejus
2076 2123 2169 2149 transl.
2192 2131 2250 2148 vae.

1200 2170 1309 2196 conced.
1332 2170 1360 2195 in
1381 2178 1479 2195 comm.
1503 2170 1606 2196 Joanm'
1626 2178 1703 2203 aepo.
1726 2169 1863 2194 Arelaten.
1906 2168 1955 2194 Ille
1976 2168 2136 2193 Franciseus
2156 2169 2172 2192 4
2194 2167 2250 2193 Jul.

1203 2215 1269 2242 1507
1289 2214 1454 2240 transfertur
1472 2214 1507 2239 ad
1526 2214 1657 2239 Auxitan.

1665 2272 1791 2299 Nax-nien.

1273 2325 1294 2356 1)
1315 2325 1341 2351 S.
1368 2325 1397 2351 P.
1423 2325 1613 2355 cubicularius,
1638 2325 1681 2350 0111
1705 2333 1803 2350 reserv.
1828 2324 1857 2350 in
1881 2332 1979 2349 comm.
2006 2324 2141 2357 prioratus
2166 2323 2256 2353 „inter

1203 2369 1308 2403 aquas“
1328 2372 1407 2395 extra
1426 2378 1518 2395 muros
1536 2370 1642 2395 Massae
1660 2369 1744 2395 dioec.
1765 2368 1906 2395 Tudertin.

1274 2413 1295 2445 ²)
1315 2414 1433 2440 Clericus
1454 2414 1672 2450 Caesaraugust..
1694 2414 1722 2439 in
1745 2414 1809 2439 min.
1832 2415 1930 2443 const„
1953 2407 2023 2446 mag.
2047 2412 2074 2444 (†
2098 2412 2183 2443 1515).

1667 2481 1794 2507 Naturen.

1275 2533 1295 2565 ¹)
1315 2533 1366 2559 Die
1380 2534 1412 2559 10
1424 2533 1502 2559 Febr.
1518 2534 1585 2559 1430
1596 2533 1722 2567 promoti.
1747 2533 1796 2559 Ille
1809 2533 1932 2559 Joannes
1944 2532 2026 2558 Fabri
2038 2531 2128 2564 (Smed
2138 2531 2169 2556 de
2185 2530 2255 2557 War-

1205 2577 1280 2610 bury)
1300 2577 1331 2603 Ο.
1353 2578 1418 2603 Min.
1439 2578 1483 2603 die
1502 2578 1536 2603 30
1555 2577 1616 2603 Oct.
1640 2578 1707 2603 1430
1726 2578 1753 2603 111
1773 2585 1863 2611 epum.
1885 2577 2018 2602 Naturen.
2040 2578 2190 2609 promotus,
2210 2575 2257 2608 qui

1205 2621 1282 2647 suffr.
1304 2622 1355 2656 epi.
1376 2622 1567 2648 Monasterien.
1589 2622 1697 2655 agebat,
1717 2621 1807 2647 adhue
1827 2630 1851 2647 a.
1875 2622 1942 2647 1455
1961 2620 2082 2646 vivebat.
2122 2619 2258 2645 Antonius

1207 2665 1242 2691 de
1264 2666 1409 2691 Tremonia
1431 2666 1463 2692 O.
1487 2666 1563 2696 Min„
1586 2667 1633 2699 qui
1655 2675 1679 2691 a.
1706 2666 1772 2692 1392
1795 2666 1823 2691 111
1845 2674 1936 2699 epum.
1960 2665 2093 2691 Naturcn·
2117 2666 2259 2698 promotus

1208 2719 1232 2735 a.
1253 2711 1320 2736 1402
1336 2711 1494 2744 resignavit,
1510 2719 1534 2736 a.
1555 2711 1619 2736 1401
1637 2711 1688 2744 epi.
1707 2710 1870 2744 Osnabrug.‚
1886 2718 1910 2735 a.
1931 2710 1997 2735 1412
2013 2709 2064 2742 epi.
2082 2708 2258 2738 Paderborn„

1208 2763 1232 2780 a.
1259 2755 1326 2780 1420
1349 2755 1400 2788 epi.
1425 2755 1616 2780 Monasterien.
1641 2754 1846 2788 suffraganeum
1869 2754 1982 2787 agebat3
2016 2755 2079 2787 post
2111 2753 2206 2786 resign.
2231 2760 2260 2777 se

1209 2799 1331 2832 appellat
1350 2808 1459 2832 ‚‚epum.
1479 2799 1543 2824 olim
1563 2799 1716 2825 Naturen.“

1280 2843 1301 2874 ²)
1321 2843 1370 2869 Cui
1393 2843 1502 2869 conced.
1527 2843 1578 2869 fac.
1602 2852 1688 2869 exerc.
1714 2843 1811 2876 pontif.
1836 2843 1863 2868 in
1886 2843 1938 2868 civ.
1962 2845 1990 2868 et
2012 2842 2096 2867 dioec.
2122 2841 2259 2866 Brixinen.

1280 2888 1301 2919 ³)
1322 2887 1353 2913 Ο.
1374 2887 1450 2917 cist,
1469 2887 1546 2913 suffr.
1566 2888 1617 2921 epi.
1639 2887 1817 2921 Bambergen.

1282 2931 1303 2963 ⁴)
1322 2932 1372 2958 Cui
1395 2932 1504 2957 conced.
1529 2932 1580 2957 fac.
1604 2940 1690 2957 exerc.
1716 2931 1814 2965 pontif.
1838 2931 1866 2956 in
1888 2931 1940 2956 civ.
1963 2932 1993 2956 et
2014 2930 2098 2956 dioec.
2124 2929 2264 2973 Gneznen·
