2436 3328
1151 166 1363 211 Appendix
1385 166 1404 201 Ι
2317 168 2379 200 277

1061 264 1124 299 VI.
1148 263 1196 299 In
1217 263 1406 299 Helvetia.

480 347 676 379 **Henricus
707 348 902 394 Syginenst)
923 349 1001 380 1406
1030 368 1068 371 —
1098 348 1262 380 ”Marcus
1292 348 1395 389 (Min.)
1425 348 1610 389 Tripolitan.
1633 348 1764 388 1423131
1790 366 1829 370 -
1847 347 2016 389 *Aegidius
2035 345 2222 389 Byedborch
2251 349 2379 390 (Carm.)

560 402 719 441 Ros(s)en.
751 402 828 433 1432
858 401 925 441 (cfr.
955 402 1132 443 Argentin.)
1170 420 1210 424 -—
1246 401 1424 433 *Antonius
1466 401 1616 441 (Munnoz
1644 401 1766 438 Praed.‚
1814 412 1903 442 prov.
1935 402 2050 441 14203)
2090 401 2205 433 Suden.
2236 402 2314 433 1436
2340 421 2379 425 —

561 454 783 486 *Hermannus
812 455 914 495 (Min.)
943 454 1077 487 Vel-nen.
1108 455 1187 485 1440
1213 473 1253 477 -
1280 455 1428 486 Nicolaus
1455 455 1580 485 Amann
1610 453 1712 494 (Min.)
1740 454 1962 495 Tripolitan.²)
1993 454 2126 495 1449157
2156 473 2195 477 —-
2224 455 2381 487 Nicolaus

561 508 658 548 Fryes
681 508 747 548 (Er.
770 518 794 539 s.
821 508 915 549 Aug.)
939 508 1125 550 Tripolitan.
1153 509 1283 547 1456198
1309 526 1348 530 —-
1370 507 1519 539 Nicolaus
1543 507 1723 548 Limberger
1748 507 1812 546 (Er.
1838 518 1862 538 s.
1888 507 1981 548 Aug.)
2007 507 2191 548 Tripolitan.
2219 509 2296 539 1498

480 614 593 646 Petrus
618 614 736 646 Robini
761 615 827 654 (Er.
854 625 878 646 s.
904 614 998 655 Aug.)
1024 614 1205 655 Hipponen.
1234 614 1310 645 1433
1334 632 1372 636 —
1393 613 1607 645 **Mamertus
1632 612 1742 644 Fichet
1766 613 1946 644 Hebronen.
1975 613 2053 644 1470
2075 632 2114 635 -
2134 613 2282 645 Claudius
2306 615 2381 656 Rup

482 720 705 752 Joannes'seu
733 720 859 751 Iwanus
888 720 990 760 (Min.)
1019 720 1288 751 Lacedaemonen.
1319 720 1494 760 129911300
1522 719 1590 758 (cfr.
1618 719 1834 750 Constantien.
1864 723 1887 750 t.
1918 719 1958 759 1²)
1987 737 2025 741 ——
2047 719 2187 750 Joannes
2209 720 2379 752 Recrehen.

563 773 698 814 1317118
727 773 795 813 (cfr.
825 773 1056 812 Constantien.)
1092 791 1132 795 —
1170 773 1309 804 Joannes
1339 773 1403 812 (Er.
1433 783 1457 803 s.
1488 772 1563 811 A.'.²)
1594 771 1738 803 Salonen.
1770 772 1846 803 1357
1884 790 1923 794 —
1960 772 2103 812 **Aym0
2133 772 2243 803 Sechal
2271 773 2380 804 Hiero-

561 826 743 867 solymitan.
773 826 824 857 vel
852 826 958 867 potius
988 826 1178 857 Jerolamen.
1211 826 1290 856 1394
1312 844 1352 847 -
1371 825 1523 856 ”Petrus
1546 825 1732 866 Squillaeen.
1758 826 1891 865 1431132
1912 826 1959 866 (2)
1980 844 2019 847 —
2038 825 2213 857 *Henricus
2233 827 2268 865 (s.
2290 826 2380 865 Ben.)

565 879 690 921 Signen.
724 880 801 910 1435
833 897 872 901 —-
902 878 1100 910 **Rudolfus
1132 879 1272 919 Gruyere
1304 879 1405 918 (Min.)
1437 878 1617 909 Hebronen.
1650 879 1763 919 (prom.
1795 889 1814 909 a
1844 878 1908 909 Fel.
1941 879 1969 910 V
1999 889 2026 909 a.
2059 879 2149 918 1440)
2185 879 2204 919 †
2236 879 2311 910 1447
2344 898 2382 901 —

562 931 785 973 “Stephanus
810 932 945 963 Plonerii
971 932 1139 963 Massilien.
1167 932 1244 971 (tit.)
1272 931 1348 962 1447
1381 950 1419 953 —
1449 931 1653 962 *Franciscus
1680 931 1720 962 de
1747 931 1844 962 Fuste
1873 931 1974 971 (Min.)
2003 931 2214 971 Grenaden.²)
2243 933 2319 963 1453
2345 950 2383 954 -

562 985 794 1026 *Raymundus
821 985 860 1016 de
889 985 975 1016 Rota
1004 985 1158 1017 Acconen.
1187 986 1263 1015 1465
1304 1003 1343 1006 —
1381 984 1643 1015 Bartholomaeus
1671 984 1793 1015 Chouet
1821 983 1930 1015 Nicen.
1962 984 2097 1024 1469170
2105 984 2129 1024 ³)
2165 1002 2205 1006 —
2242 985 2381 1016 Joannes

561 1039 601 1070 de
629 1038 787 1079 Compoys
815 1038 984 1069 Taurinen.
1016 1037 1092 1069 1472
1102 1038 1127 1078 ⁴¹)
1165 1056 1204 1060 —
1241 1037 1446 1068 *Dominicus
1478 1037 1517 1068 de
1552 1037 1703 1068 Borceriis
1743 1037 1895 1078 Sagonen.
1937 1037 2014 1068 1475
2047 1055 2088 1060 —
2123 1037 2271 1069 Claudius
2306 1038 2382 1079 Rup

481 1382 671 1415 **Nicolaus
695 1382 820 1424 Spicelli
844 1383 896 1422 (al.
921 1382 999 1414 Bick
1022 1382 1074 1413 Er.
1098 1393 1122 1413 s.
1146 1382 1240 1423 Aug.)
1264 1382 1395 1412 Rossen.
1420 1382 1532 1423 (prom.
1558 1382 1635 1412 1442
1657 1392 1676 1412 a
1698 1381 1762 1412 Fel.
1782 1381 1823 1421 V)
1846 1399 1885 1402 —
1906 1380 2020 1421 *Hugo
2035 1380 2247 1422 Nicopolitan.
2267 1381 2286 1422 †
2306 1382 2382 1413 1447

564 1435 651 1477 Sept.
684 1437 703 1466 5
726 1454 765 1457 -
786 1435 1029 1467 **Hermannus
1060 1435 1194 1466 Vernen.
1230 1434 1360 1474 1447155
1394 1434 1460 1474 (cfr.
1495 1434 1662 1473 Basileen.)
1685 1453 1724 1456 ——
1747 1433 1886 1465 Jacobus
1918 1433 2035 1465 Fluche
2068 1433 2205 1474 (Praed.)
2237 1434 2381 1467 Ascalon.

165 350 317 384 nudum.

163 562 285 596 cuflan-
481 561 663 602 Stephanus
684 561 831 602 Tschugli
853 561 992 601 (Praed.)
1014 561 1165 592 Bellinen.
1191 561 1265 591 1501

165 615 332 648 Gomon

560 667 824 708 Claudjopolitan.
850 667 927 698 1476

164 720 368 760 Immunem&

561 1091 827 1132 Claudiopolitan.
860 1092 937 1122 1484
966 1091 1035 1131 (cfr.
1066 1091 1261 1131 Gebennen.)
1291 1109 1331 1112 —
1359 1090 1564 1121 Sebastianus
1592 1090 1630 1121 de
1658 1089 1863 1121 Montfalcon.

166 1146 319 1178 sedunen.
480 1144 658 1176 Richardus
679 1144 790 1186 Legati
814 1144 916 1184 (Min.)
939 1144 1218 1185 Philippopolitan.
1244 1144 1320 1174 1439

1057 1296 1139 1332 vn.
1171 1297 1219 1332 In
1242 1296 1465 1332 Germania.

164 1385 366 1421 argentium,

564 1488 695 1529 1455175
718 1507 758 1510 -
778 1488 961 1520 **Joannes
983 1488 1122 1520 Ortwein
1145 1487 1283 1528 (Praed.)
1305 1487 1488 1519 Mothonen.
1514 1487 1684 1527 147711514

163 1543 337 1579 Am.

481 1541 638 1573 Martinus
666 1541 867 1583 Adrimytan.
899 1542 1030 1581 1424144
1053 1560 1092 1563 —
1114 1540 1288 1573 Guilelmus
1316 1540 1424 1572 Madet
1453 1540 1602 1580 (Praem.)
1631 1540 1830 1580 Adrimytan.
1862 1539 1938 1570 1447
1962 1558 2001 1561 -—
2021 1539 2176 1571 Martinus
2204 1540 2384 1582 Dieminger

562 1594 764 1636 Adrimytan.
786 1595 864 1626 1450
882 1613 921 1616 —-
940 1594 1080 1626 Jodocus
1101 1594 1193 1635 Seyts
1212 1594 1361 1633 (Praem.)
1380 1593 1580 1634 Adrimytan.
1602 1593 1730 1633 1460171
1755 1611 1794 1614 —
1813 1592 1975 1624 *Jacobus
1995 1592 2164 1624 Goffredus
2182 1593 2381 1634 Adrimytan.

565 1648 639 1679 1471
665 1667 704 1670 —
724 1648 891 1679 Udalricus
916 1646 1088 1689 Geislinger
1111 1647 1213 1687 (Min.)
1237 1647 1438 1688 Adrimytan.
1465 1646 1541 1677 1474
1564 1665 1603 1668 —
1625 1646 1765 1678 Joannes
1787 1646 1902 1677 Kerter
1924 1646 1963 1677 de
1986 1645 2159 1677 Wertheim
2181 1646 2381 1687 Adrimytan.

565 1702 642 1732 1493
668 1701 735 1740 (cfr.
761 1701 992 1740 Constantien.)
1017 1719 1055 1722 —
1075 1700 1251 1731 *Henricus
1275 1700 1389 1741 Negele
1415 1700 1614 1740 Adrimytan.
1642 1700 1717 1730 1506

629 1861 761 1889 Basileon.

238 1913 260 1945 1)
284 1913 337 1944 Qui
361 1913 435 1939 idem
460 1921 518 1938 esse
542 1913 654 1939 videtur
677 1917 762 1948 atque
786 1913 830 1939 ille
854 1913 990 1938 Hem-icus
1016 1912 1123 1945 Signen.
1150 1912 1225 1943 (olim

171 1957 259 1984 abbas
274 1965 346 1983 mon.
363 1957 398 1982 de
413 1956 526 1982 Beinwil
542 1956 573 1982 Ο.
593 1957 619 1983 S.
637 1957 669 1983 B.
685 1958 770 1983 dioec.
788 1957 943 1988 Basileen.),
960 1957 1007 1990 qui
1022 1965 1046 1982 a.
1066 1957 1132 1981 1435
1147 1955 1224 1981 suffr.

169 2002 221 2036 epi.
242 2001 394 2027 Lausanen.
415 2001 472 2035 agit
492 2002 529 2032 (v.
550 2000 646 2032 infra);
671 2002 698 2027 'si
716 2002 756 2027 ita
773 2005 825 2031 est,
844 2001 888 2026 1110
906 2001 1042 2026 Henricus
1060 2008 1115 2025 non
1134 2000 1227 2033 potuit

170 2046 227 2079 jam
250 2046 317 2071 1406
337 2045 414 2071 suffr.
436 2045 488 2078 epi.
510 2045 644 2070 Basileon.
666 2053 732 2076 esse,
753 2053 816 2071 cum
836 2053 892 2070 non
912 2045 987 2078 prius
1007 2053 1092 2078 quam
1112 2053 1136 2069 a.
1160 2044 1226 2069 1428

170 2090 199 2116 in
222 2097 313 2123 epum.
341 2089 449 2123 Signen.
476 2091 619 2122 promotus
643 2092 722 2115 esset.
775 2089 852 2120 Quae
876 2089 989 2122 quidem
1013 2088 1134 2118 ecclesia,
1160 2088 1227 2113 alias

173 2135 276 2168 ignota,
301 2133 421 2159 titularis
446 2136 557 2159 tantum
583 2128 746 2166 reputanda,
772 2133 884 2158 minime
908 2136 1002 2158 autem
1027 2141 1090 2158 eum
1118 2132 1225 2165 Signen.

175 2178 280 2211 (Zenw,
296 2177 380 2211 Smy)
396 2178 424 2203 in
439 2177 550 2203 Croatia
565 2176 759 2203 confundenda
774 2180 823 2202 est.
855 2176 909 2203 Cfr.
926 2176 1009 2209 hujus
1024 2185 1068 2210 op.
1085 2179 1106 2202 t.
1123 2176 1148 2202 1²
1165 2184 1225 2209 pag.

170 2223 223 2248 450
241 2224 299 2247 not.
322 2222 333 2247 l
354 2221 390 2247 ad
411 2221 519 2255 Signen.
541 2221 616 2253 (tit).

241 2265 264 2297 ²)
283 2265 357 2291 Num
381 2265 453 2291 idem
477 2268 562 2298 atque
585 2265 628 2290 ille
650 2265 780 2291 Nicolaus
802 2264 836 2290 de
860 2264 957 2290 Rheno
981 2266 1047 2295 (non
1069 2264 1103 2290 de
1128 2264 1226 2295 Neno),

173 2310 220 2344 qui
238 2309 305 2336 1435
320 2310 347 2335 in
363 2318 454 2343 epum.
471 2309 632 2343 Tripolitan.
649 2312 677 2334 et
692 2309 769 2334 suffr.
786 2309 837 2342 epi.
855 2308 988 2334 Basileen.
1006 2311 1148 2342 promotus
1164 2309 1226 2333 est?

171 2354 214 2380 De
233 2354 285 2380 1100
304 2354 419 2380 Nieolao
439 2354 466 2379 in
487 2353 604 2379 Joannis
623 2353 657 2378 de
679 2353 795 2386 Segovia
814 2352 886 2378 Hist.
908 2352 1019 2379 Concilii
1040 2352 1121 2378 Basil.
1144 2352 1225 2384 (Bibl.

172 2397 237 2424 Vat.
253 2405 303 2423 ser.
320 2397 384 2424 Vat.
402 2398 448 2423 lat.
466 2401 486 2423 t.
504 2398 572 2423 4183
588 2397 605 2422 f.
623 2398 685 2428 258)
701 2397 815 2430 legimus
830 2396 908 2422 haec:
936 2396 1006 2427 „Illo
1021 2399 1144 2430 tempore
1159 2396 1225 2427 (scil.

175 2442 212 2468 in.
225 2450 249 2468 a.
265 2442 343 2474 1443)
357 2442 463 2476 accepit
475 2441 625 2467 Concilium
640 2441 721 2466 Basil.
736 2441 842 2466 litteras
854 2449 870 2466 a
884 2440 1039 2466 marchione
1051 2440 1086 2466 de
1100 2440 1227 2473 Roteling

175 2485 204 2511 in
220 2485 466 2512 favoremNicolai
485 2486 516 2511 O.
536 2485 601 2511 Min.
629 2486 679 2518 epi.
699 2484 870 2518 Tripolitan.‚
897 2487 930 2510 ut
946 2484 1019 2510 idem
1038 2484 1072 2510 ad
1091 2487 1226 2509 sustenta-

177 2529 280 2556 tionem
295 2532 386 2556 status
402 2531 444 2556 sui
461 2530 578 2563 recipere
596 2532 687 2563 posset
703 2529 758 2554 duo
776 2529 908 2554 beneficia
924 2528 1140 2561 incompatibilia
1157 2528 1227 2559 (loco

177 2573 314 2607 pensionis
327 2573 379 2600 200
393 2573 421 2600 ss.
438 2574 474 2600 ab
490 2574 548 2608 ipso
565 2573 720 2599 marchione
735 2572 885 2603 oblatae).‘⁴
916 2572 943 2598 Is
958 2572 1079 2598 marchio
1094 2571 1128 2597 de
1144 2571 1226 2597 Roto—

182 2617 238 2651 11113
249 2617 307 2643 sine
319 2617 404 2644 dubio
415 2617 487 2644 idern
500 2621 542 2644 est
555 2621 639 2651 atque
656 2618 724 2643 Otto
746 2616 867 2642 marchio
888 2616 922 2642 de
943 2615 1227 2649 Hachberg-Rottelm

175 2661 223 2695 qui
240 2669 264 2687 a.
286 2661 354 2687 1410
370 2661 398 2687 111
415 2670 506 2696 epum.
525 2662 713 2688 Constantien.
733 2665 875 2695 promotus
891 2669 915 2686 a.
938 2661 1003 2686 1434
1020 2660 1175 2693 resignavit.
1193 2673 1228 2677 —

176 2705 312 2731 Martinus
337 2704 372 2731 de
399 2705 491 2732 Soleta
515 2706 745 2740 Chrysopolitan„
769 2705 814 2738 qui
833 2713 849 2730 a
866 2704 1031 2738 quibusdam
1048 2703 1227 2737 scriptoribus

174 2748 210 2775 ad
233 2757 258 2775 a.
285 2750 352 2775 1454
374 2749 446 2775 inter
465 2749 577 2784 suffrag.
599 2758 720 2784 eporum.
742 2749 823 2775 Basil.
845 2752 1007 2778 recensetur,
1027 2747 1061 2773 ad
1082 2748 1154 2781 ipsos
1173 2755 1227 2772 non

134 2811 135 2814 ¹
177 2793 311 2827 pertinere
329 2792 446 2819 videtur.

623 2839 775 2866 hammon.

245 2889 267 2922 ¹)
287 2889 340 2916 Alii
353 2890 519 2924 suffraganei
532 2899 579 2917 seu
593 2891 738 2917 auxiliares
750 2891 938 2925 episcoporum
955 2890 1105 2915 Lausanen.
1122 2892 1229 2923 praeter

175 2934 234 2961 illos
256 2935 296 2964 15,
317 2935 364 2968 qui
385 2934 428 2960 hic
448 2938 629 2966 recensentur,
650 2943 704 2961 non
724 2938 789 2961 sunt
809 2934 875 2960 noti.

1402 1831 1424 1863 ²)
1444 1831 1563 1857 Difficile
1588 1834 1630 1857 est
1655 1831 1740 1862 dictu,
1766 1834 1859 1856 utrum
1885 1834 1982 1864 agatur
2007 1831 2042 1856 de
2067 1831 2130 1856 ecel.
2159 1831 2306 1857 Granaten.
2333 1835 2382 1858 aut

1337 1876 1371 1901 de
1389 1875 1586 1901 Grenelanden.
1603 1884 1650 1901 seu
1668 1875 1839 1906 Gard(ar)en.
1871 1875 1905 1900 In
1930 1875 1980 1900 1100
2006 1875 2059 1900 vol.
2082 1883 2142 1908 pag.
2159 1876 2208 1901 160
2224 1875 2382 1901 Franciscus

1337 1919 1371 1945 de
1391 1920 1475 1945 Fuste
1494 1920 1565 1945 inter
1580 1928 1672 1953 eppos.
1695 1919 1842 1945 Granaten.
1864 1919 1998 1952 repositus
2019 1919 2110 1952 potius
2129 1920 2214 1952 eppis.
2234 1919 2380 1945 Gardaren.

1334 1963 1556 1989 adnumerandus
1573 1971 1630 1989 esse
1647 1963 1764 1989 videtur.
1799 1963 1840 1988 De
1857 1971 1889 1988 eo
1906 1963 2019 1996 legimus
2037 1963 2064 1988 in
2083 1963 2199 1989 Joannis
2215 1963 2250 1989 de
2268 1964 2382 1997 Segovia

1334 2007 1406 2034 Hist.
1423 2008 1534 2034 Concilii
1549 2007 1631 2033 Basil.
1648 2007 1729 2039 (Bibl.
1746 2007 1808 2032 Vat.
1825 2015 1874 2032 ser.
1891 2007 1954 2032 Vat.
1970 2007 2017 2032 lat.
2035 2007 2103 2033 4183
2118 2007 2136 2032 f.
2153 2008 2215 2039 266)
2230 2008 2246 2033 1.
2263 2016 2286 2033 a.
2304 2007 2381 2033 haec:

1338 2051 1448 2082 „Mense
1474 2052 1539 2077 Maii
1567 2052 1632 2077 1443
1658 2051 1828 2077 elaboratum
1855 2054 1905 2081 est,
1932 2054 1963 2076 ut
1989 2051 2085 2076 electio
2112 2051 2227 2076 ministri
2253 2052 2383 2084 generalis

1339 2095 1370 2122 O.
1392 2096 1468 2126 Min„
1490 2096 1537 2129 qui
1557 2104 1629 2121 anno
1650 2096 1702 2121 isto
1722 2095 1836 2125 obierat,
1857 2095 1935 2120 fieret
1956 2095 1982 2120 in
2003 2095 2062 2120 loco
2083 2095 2252 2120 obedientiae
2273 2095 2383 2121 Concilii

1339 2139 1445 2171 (Basil.)
1468 2143 1496 2165 et
1518 2139 1609 2173 Papae
1632 2139 1737 2171 (Felicis
1759 2139 1802 2170 V).
1846 2139 1998 2172 Agentibus
2020 2139 2113 2172 itaque
2135 2139 2247 2164 sollicite
2269 2139 2384 2173 desuper

1338 2184 1475 2217 magistris
1494 2184 1638 2209 Francisco
1656 2183 1690 2208 de
1709 2183 1792 2208 Fuste
1811 2186 1839 2208 et
1857 2183 1966 2208 Andrea
1985 2182 2019 2208 de
2038 2183 2184 2208 Malvenda
2202 2183 2287 2215 ejusd.
2308 2183 2382 2214 ord..

1338 2228 1365 2253 in
1384 2227 1521 2261 theologia
1540 2227 1743 2261 professoribus,
1762 2227 1877 2252 obtenta
1895 2230 1936 2252 est
1955 2227 2073 2260 provisio
2092 2235 2108 2252 a
2127 2227 2202 2260 Papa
2222 2227 2338 2260 primum
2355 2230 2384 2253 et

1338 2281 1354 2297 a
1379 2272 1498 2298 Concilio
1523 2274 1728 2305 consequenter,
1755 2271 1828 2304 quod
1853 2271 2003 2304 capitulum
2030 2271 2163 2304 (generale
2189 2279 2237 2304 pro
2262 2271 2383 2304 eligendo

1338 2324 1410 2341 novo
1430 2316 1554 2341 ministro
1573 2315 1701 2349 generali)
1721 2315 1779 2340 fieri
1798 2314 1909 2340 deberet
1928 2315 1955 2340 in
1975 2315 2057 2348 opido
2077 2314 2211 2347 Friburgk
2230 2315 2384 2348 provinciae

1336 2360 1496 2385 Alamaniae
1531 2359 1676 2393 superioris
1710 2358 1794 2384 dioec.
1831 2359 2017 2385 constantien.
2036 2378 2041 2384 .
2063 2378 2068 2383 .
2090 2378 2095 2384 .
2135 2358 2268 2392 Tempore
2303 2359 2383 2392 igitur

1337 2404 1476 2437 assignato
1498 2403 1555 2435 (sed
1578 2411 1632 2429 non
1654 2403 1721 2433 loco,
1743 2411 1806 2428 eum
1828 2403 1893 2428 illud
1915 2402 2171 2436 pseudocapitulum
2191 2402 2307 2436 generali
2329 2411 2382 2428 non

1337 2448 1470 2481 Friburgi,
1489 2447 1535 2473 sed
1554 2447 1659 2472 Bernae
1677 2447 1703 2472 in
1722 2447 1802 2472 Helv.
1821 2447 1910 2478 fieret)
1928 2446 2029 2472 electus
2046 2450 2088 2471 est
2105 2446 2273 2471 concorditer
2290 2447 2317 2471 in
2335 2447 2382 2471 mi-

1336 2493 1451 2518 nistrum
1473 2491 1607 2517 Saxoniae
1629 2491 1748 2517 Mathias
1764 2491 1889 2524 Doering.
1913 2491 1950 2516 Et
1966 2499 2045 2524 papa,
2068 2499 2129 2515 cum
2152 2490 2274 2522 (electus)
2296 2490 2383 2516 eidem

1335 2536 1444 2561 nomine
1467 2535 1576 2561 Ordinis
1599 2535 1783 2561 obedientiam
1807 2534 1959 2564 obtulisset,
1983 2535 2103 2559 instituit
2126 2535 2153 2559 in
2176 2535 2306 2559 vicarium
2329 2536 2382 2567 (ge-

1335 2580 1464 2611 neralem)
1489 2583 1517 2605 et
1542 2583 1745 2613 procuratorem
1771 2578 1880 2604 Ordinis
1904 2578 2057 2612 praedictos
2082 2579 2107 2603 in
2133 2578 2214 2603 theol.
2241 2579 2384 2611 magistros

1334 2624 1368 2649 de
1384 2623 1531 2649 Malvenda
1547 2627 1575 2649 et
1591 2623 1625 2648 de
1642 2622 1754 2648 Fuste.“
1785 2622 1839 2648 Cfr.
1858 2622 1945 2647 Albert
1964 2622 2006 2652 P„
2024 2622 2145 2647 Mathias
2162 2622 2262 2654 Darius]
2279 2622 2383 2653 (1892);

1338 2668 1468 2700 Waddinq
1484 2668 1525 2698 L„
1543 2667 1612 2693 Ann.
1632 2667 1696 2692 Min.
1716 2666 1767 2696 XI,
1788 2667 1848 2696 180;
1872 2666 1949 2692 Anal.
1970 2666 2064 2691 Franc.
2084 2666 2122 2696 11,
2140 2667 2188 2691 311
2209 2665 2311 2699 (quoad
2329 2665 2381 2691 An-

1334 2712 1427 2737 dream
1447 2711 1481 2737 de
1500 2711 1664 2742 Malvenda).

1404 2755 1427 2787 3)
1452 2756 1504 2787 Qui
1516 2756 1607 2781 forsan
1624 2755 1651 2780 in
1668 2763 1717 2780 sua
1733 2754 1817 2779 dioec.
1836 2754 1913 2786 (Nice
1925 2762 1971 2779 seu
1983 2753 2011 2778 N
2012 2754 2079 2785 izza)
2092 2753 2205 2779 residere
2217 2761 2271 2778 non
2283 2754 2382 2787 potuit.

1406 2799 1428 2831 ⁴¹)
1449 2799 1510 2830 Hic,
1526 2803 1609 2825 antea
1624 2798 1710 2824 abbas
1726 2806 1797 2823 mon.
1814 2798 1848 2823 de
1866 2798 1912 2824 Six
1930 2797 2096 2828 Gebennen„
2113 2806 2137 2822 a.
2157 2798 2222 2823 1468
2238 2797 2327 2823 factus
2342 2799 2383 2822 est

1337 2852 1378 2877 ep.
1396 2844 1540 2869 Taurinen.
1557 2846 1586 2868 et
1604 2843 1669 2869 1482
1685 2842 1719 2868 ad
1735 2842 1798 2868 eccl.
1817 2842 1983 2871 Gebennen„
2000 2850 2023 2866 a.
2044 2842 2110 2867 1484
2125 2844 2218 2866 autem
2234 2841 2269 2866 ad
2284 2841 2382 2866 Taren-

1337 2889 1432 2914 tasien.
1456 2887 1631 2917 transfertur;
1664 2886 1805 2912 occasione
1835 2889 1945 2912 tantum
1978 2886 2089 2915 itineris,
2122 2885 2195 2919 quod
2229 2893 2276 2918 per
2298 2885 2382 2910 dioec.

1338 2933 1489 2958 Lausanen.
1515 2941 1539 2957 a.
1564 2931 1630 2958 1472
1651 2931 1723 2961 fecit,
1748 2930 1775 2955 in
1796 2939 1828 2956 ea
1849 2929 2018 2964 pontificalia
2038 2929 2188 2954 exercuisse
2209 2928 2325 2955 videtur.
