2436 3328
107 392 116 400 .
137 366 217 399 Phil.
239 365 281 397 ad
302 366 424 397 Creten.

68 436 93 459 ,ν’
107 445 116 453 .
137 419 230 451 Dom.
252 418 294 450 ad
316 418 454 450 Brixien.

56 455 126 506 ‘fe-b.
149 471 280 512 (Placidi
304 471 394 511 1471)

57 513 69 522 .
528 473 636 504 Simon
661 473 833 510 Contarini,
860 473 1000 505 subdiac.
1031 474 1061 505 S.
1089 474 1151 513 P.²)

56 525 126 559 ·b.
150 525 285 557 Sinionis
307 526 412 564 (1485)

58 744 126 789 401).
149 745 221 778 Joa.
243 745 283 776 de
305 745 410 787 Toysy

62 802 114 833 ιτ
138 798 209 830 Joa.
232 798 273 829 ad
295 798 435 830 Narbon.
528 799 667 830 Joannes
694 798 854 836 Chevroti,
882 799 982 830 adiac.
1012 799 1203 841 Rothomag.

48 854 115 885 Ast.
138 851 209 884 Joa.
232 851 273 882 ad
295 852 416 883 Tullen.

76 957 128 990 ob.
150 957 234 989 Fert.
257 953 365 989 cardJ

48 1010 126 1054 „ob.
150 1010 310 1050 Joannis⁴)

50 1074 176 1099 -1ovoc.
198 1063 230 1095 h.
252 1064 370 1095 admin.

52 1158 54 1161 ι
115 1117 182 1158 (cfr.
205 1116 382 1156 Lectoren.)

46 1374 50 1376 ,
75 1342 115 1371 tr.
137 1339 215 1370 Tho.
238 1339 279 1370 ad
301 1339 457 1370 Racanat.

47 1448 49 1450 ’
75 1446 173 1487 expir.
196 1445 227 1477 h.
250 1456 363 1477 comm.

76 1498 127 1530 ob.
150 1498 230 1540 Ang.
254 1499 345 1539 (1452
367 1498 455 1538 Maii)

35 1571 47 1590 ,2
75 1551 126 1583 ob.
150 1551 264 1584 Jacobi
287 1553 390 1592 (1483)

529 1446 669 1481 Angelus
693 1446 871 1485 (Cavazza),
896 1457 944 1486 ep.
970 1446 1130 1477 Parentin.

529 1552 693 1584 bonellus
716 1552 923 1591 (Clericatus),
947 1552 983 1583 el.
1008 1552 1123 1583 Arben.

34 1841 38 1844 ·
76 1829 116 1858 tr.
141 1825 270 1857 Suederi
290 1826 416 1865 amotil)

34 1942 37 1954 ³
75 1942 134 1966 tes.
158 1931 246 1964 Gisb.
268 1931 305 1964 el.
331 1932 496 1972 (†1474)⁴)
527 1933 629 1963 David
654 1932 693 1963 de
720 1932 944 1973 Burgundia5),
971 1944 1019 1974 ep.
1047 1933 1198 1963 Morinen.

531 2163 680 2189 Torcellum.

35 2230 38 2249 1
147 2214 169 2247 ¹)
188 2215 332 2241 Protonot..
351 2218 441 2250 apost.
482 2215 535 2246 Qui
553 2215 610 2248 jam
628 2215 645 2241 3
662 2215 734 2241 Nov.
756 2215 822 2242 1447
841 2215 969 2241 ecclesias
986 2215 1136 2241 Torcellan.

35 2252 38 2254 ,
79 2267 140 2286 vac.
160 2267 209 2294 per
226 2260 311 2291 ‚,ob.“
330 2260 450 2294 Philippi
463 2260 505 2292 (!)·
518 2259 673 2293 praefectus
691 2262 752 2285 erat
770 2260 798 2284 in
815 2267 907 2293 epum.
928 2259 1000 2291 (Obl.
1021 2260 1064 2290 72,
1083 2260 1136 2291 30).

146 2303 169 2336 ⁸)
188 2303 348 2331 Commend.
372 2313 445 2330 mon.
468 2304 628 2330 Vallisaltae
650 2303 682 2330 Ο.
708 2304 734 2330 S.
757 2303 789 2329 B.
812 2303 897 2329 dioec.
922 2304 1082 2337 Pergamon.

146 2348 168 2380 ⁸)
192 2348 246 2380 Qui
268 2349 349 2375 simul
373 2349 401 2374 in
424 2357 532 2382 aepum.
557 2348 701 2374 Patracen.
726 2351 913 2382 promovetur.
961 2348 1038 2374 Obiit
1062 2348 1136 2373 1514.

531 2420 680 2446 Tomacen.

150 2472 172 2504 ¹)
196 2471 250 2504 Qui
267 2472 331 2498 huic
348 2473 443 2499 transl.
463 2481 519 2498 non
537 2473 710 2498 consentiens
728 2472 763 2498 ad
781 2472 926 2497 concilium
945 2472 1027 2497 Basil.
1047 2472 1138 2505 appel-

29 2516 31 2520 ’
79 2515 158 2548 lavit,
179 2516 216 2543 ad
237 2517 312 2551 quod
334 2518 419 2543 etiam
441 2517 554 2543 Carolus
576 2525 623 2542 rex
645 2517 777 2542 Francius
799 2524 848 2550 pro
870 2524 902 2541 eo
923 2517 1039 2549 scripsit.
1084 2515 1137 2542 Cfr.

24 2572 42 2598 V.
77 2558 228 2594 zambrin
247 2561 267 2594 Ι.
290 2561 315 2587 d.
337 2561 426 2587 Oesch.
450 2561 474 2587 d.
497 2561 601 2587 Oberrh.
625 2561 703 2591 XVI,
726 2561 785 2586 220.

147 2604 170 2638 ¹)
193 2605 247 2637 Qui
265 2607 297 2631 15
312 2605 378 2631 Maii
396 2606 464 2632 1480
479 2609 623 2639 promotus
639 2606 666 2630 in
685 2605 711 2630 S.
730 2605 762 2630 R.
781 2605 812 2630 E.
830 2605 903 2630 card.
921 2605 1059 2630 retinebat
1074 2604 1137 2630 eccl.

80 2648 231 2676 Tomaoen.

148 2693 171 2726 ⁸)
189 2693 244 2720 Ost.
264 2701 349 2728 supra
367 2701 429 2728 pag.
450 2695 484 2720 48
503 2702 543 2720 nr.
564 2695 624 2720 507.

152 2737 175 2770 ⁴)
194 2737 296 2764 Palatii
312 2738 455 2772 apostolici
473 2738 574 2764 domus
591 2738 724 2771 magistri,
743 2738 789 2771 qui
810 2738 838 2763 ll
860 2737 928 2770 Aug.
950 2738 1014 2762 1491
1036 2736 1141 2762 Romae
1193 2734 1195 2744 ¹

22 2787 27 2798 ¹
85 2781 162 2808 obiit.
200 2781 262 2808 Chr.
283 2781 383 2807 Burch.
403 2782 478 2808 Diar.
499 2782 542 2808 ed.
565 2782 690 2808 Phua-me
709 2782 732 2812 I,
751 2782 810 2807 416.

26 2826 28 2831 ⁸
93 2844 95 2846 -
156 2825 178 2857 ε)
197 2825 290 2851 Dioec.
310 2825 456 2852 Car-nomn.

35 2904 37 2906 q
156 2869 178 2901 ⁸)
202 2869 282 2901 Quod
307 2878 380 2895 mon.
406 2870 430 2895 ei
455 2878 553 2896 reserv.
580 2871 607 2895 in
632 2878 730 2896 comm.
789 2869 837 2894 Ille
873 2868 963 2894 Guido
997 2868 1043 2900 (ad
1075 2869 1139 2894 inst.
1194 2853 1195 2876 ³

34 2943 37 2954 .
78 2914 156 2957 *regis
178 2913 311 2940 Franciae
334 2914 436 2947 prom.)
457 2915 628 2940 renuntiasse
652 2914 770 2943 videtur,
790 2917 817 2939 et
839 2913 881 2938 hic
899 2913 996 2938 Petrus
1013 2912 1060 2945 (ad
1077 2913 1140 2938 inst.
1194 2926 1195 2946 1

579 175 807 214 Tou-cem..
832 178 1061 215 Temseu..
1086 171 1326 222 Τταςωίοιις
1355 176 1587 221 Trajeete'n..
1612 176 1781 211 Trauos.

525 367 710 398 Dominicus
733 367 772 398 de
797 366 980 405 Dominicis,
1006 368 1144 399 decanus
1168 368 1365 407 Civitatem)
1413 390 1416 393 -

526 420 670 451 Placidus
696 420 880 459 (Pavanello
907 421 942 452 O.
970 421 1089 460 V.-U.),
1116 432 1164 462 ep.
1191 421 1352 452 Parentin.

528 525 703 562 stephanus
729 526 780 566 (de
806 526 970 566 Taleazis),
996 538 1065 568 aep.
1093 527 1264 566 Antibar.³)

527 746 667 777 Joannos
691 745 730 776 de
755 745 933 783 Haricuria,
959 757 1007 787 ep.
1034 746 1249 786 Ambianen.¹)

529 849 704 884 Guilehnus
728 851 897 891 fflilastre),
925 863 1013 893 prov.
1043 854 1056 883 1
1087 853 1174 894 Sept.
1203 854 1290 891 1460,
1317 853 1379 884 obi.
1406 864 1439 884 se

55 898 127 939 Job.
143 904 225 937 Guil.
242 904 333 944 (1473
348 905 428 946 Aug.
446 906 495 944 11)
526 905 668 936 Petrinus
691 904 730 935 (10
754 905 913 942 Cluniaco,
938 910 1098 946 protonot.
1123 906 1253 947 apost.2)

529 959 669 990 Joannes
693 958 883 998 (Monisart),
907 958 1046 989 decanus
1070 959 1248 999 Morinen.³)

526 1011 745 1050 A(ntoni0ttus
762 1011 970 1051 Pallavicini),
989 1011 1073 1043 card.
1092 1023 1116 1043 s.
1135 1012 1257 1049 Anast„
1275 1012 1307 1043 in
1325 1023 1438 1043 comm.

530 1065 641 1100 Guflo,
668 1064 768 1095 abbas
795 1076 879 1096 mon.
908 1065 1111 1096 Launomarii
1139 1065 1288 1104 Blesen.⁵)

527 1118 637 1149 Petrus
660 1118 802 1157 (Kuick)‚
827 1118 863 1149 O.
887 1118 974 1155 cist„
997 1118 1097 1149 abbas
1119 1129 1203 1149 mon.
1226 1129 1250 1149 s.
1274 1118 1439 1157 Amandiss)
1482 1118 1557 1149 1497
1580 1119 1655 1150 Dec.
1678 1119 1718 1149 20

527 1340 702 1370 Ludovieus
724 1339 914 1380 (Scarampi)
936 1340 975 1370 (10
996 1340 1147 1377 Venetiis,
1169 1339 1303 1371 cubicul.
1329 1340 1359 1371 S.
1383 1340 1417 1371 P.

76 1395 115 1424 tr.
144 1391 224 1424 Lud.
254 1392 295 1423 ad
325 1392 495 1423 Florentin.
531 1393 671 1424 Joannes
701 1392 906 1432 (Vitelleschi)
940 1392 969 1424 S.
1001 1393 1040 1423 R.
1072 1392 1108 1423 E.
1139 1393 1235 1430 card„
1265 1393 1297 1424 in
1326 1403 1439 1424 comm.

532 1499 669 1531 Jacobus
694 1498 831 1530 Turlono
857 1498 1042 1540 (Trugloni),
1068 1498 1139 1530 cler.
1166 1509 1245 1530 cam.
1271 1503 1373 1540 apost.

34 1650 36 1653 Ι
78 1607 118 1636 ιτ.
148 1604 243 1636 Leon.
275 1605 316 1636 ad
346 1605 497 1636 Concord.
529 1606 714 1636 nanciscus
745 1605 919 1645 (Marcelli),
950 1616 998 1646 ep.
1031 1605 1256 1646 Famagustan.
1289 1605 1320 1645 (†
1352 1606 1441 1644 1524)

525 1826 680 1857 Rudoltus
706 1825 746 1856 de
772 1826 934 1867 Diepholt‚
962 1837 1030 1857 can.
1059 1826 1244 1866 Colonien.²)

34 1908 37 1910 .
75 1878 128 1911 ob.
142 1879 182 1910 R.
200 1880 291 1919 (1455
306 1879 400 1910 Mart.
417 1879 495 1918 25)³)
530 1879 689 1911 Gisbertus
710 1879 750 1910 de
773 1879 960 1917 Brederode,
984 1890 1125 1920 praepos.
1149 1879 1296 1920 Traject„
1320 1880 1357 1911 el.

31 1998 34 2003 ’
76 1984 128 2016 ob.
144 1985 226 2017 Dav.
245 1986 337 2025 (1494
352 1986 427 2027 Apr.
448 1987 496 2024 16)
528 1986 708 2018 11ῐοᾱοτίοω
733 1986 784 2025 ((10
810 1985 970 2025 Baden)⁶),
996 1986 1033 2016 el.
1062 1986 1138 2016 1496
1162 1986 1237 2016 Maii
1261 1987 1290 2023 3,
1317 1996 1404 2026 prov.

560 270 785 308 'forcellam
811 275 1021 316 (Toredllo)
1043 275 1079 307 111
1101 275 1196 307 Italia
1219 284 1344 316 supera,-
1363 271 1453 307 suffi.
1477 275 1641 306 Venetiam
1666 275 1744 314 (200
1767 274 1814 312 ss.)

2226 171 2289 209 253

1479 368 1556 397 1448
1577 366 1652 397 Feb.
1675 367 1715 397 20
1767 365 1836 397 Obl.
1860 365 1908 403 72,
1931 367 1967 396 31

1479 421 1556 450 1464
1577 420 1659 450 Nov.
1682 420 1700 450 5
1768 418 1857 449 Pauli
1874 418 1907 449 II
1924 430 1952 450 a.
1973 420 1986 449 1
2005 418 2076 450 Lat.
2094 418 2112 450 l.
2131 430 2176 460 pr.
2194 418 2215 450 f.
2233 420 2290 450 236

1479 473 1553 504 1471
1580 473 1666 514 Sept.
1688 473 1707 502 4
1768 471 1837 503 obl.
1860 473 1909 509 83,
1932 473 1968 502 21

1480 527 1555 556 1485
1580 526 1666 567 Sept.
1689 527 1707 556 5
1768 525 1837 556 Inn.
1862 525 1941 556 VIII
1958 525 2028 556 Lat.
2045 536 2074 556 a.
2091 526 2109 555 2
2125 524 2144 556 l.
2161 526 2179 556 4
2196 525 2217 556 f.
2233 526 2291 556 252

619 654 840 688 Tornaoeu.
864 653 1080 696 (Tournay)
1105 654 1139 685 in
1165 654 1290 695 Belgio,
1313 654 1403 686 suffr.
1430 655 1567 686 Remen.
1592 654 1693 694 (5000
1715 654 1764 695 fl.)

1480 748 1556 778 1433
1578 747 1653 788 Apr.
1676 748 1714 778 22
1770 746 1839 778 Obl.
1863 748 1911 783 66,
1934 748 1952 777 2

1480 801 1556 831 1436
1578 800 1660 831 Νον.
1683 802 1702 830 5
1770 800 1839 831 Obl.
1863 801 1911 836 66,
1934 800 1974 830 30

1480 854 1560 884 1460
1581 853 1667 894 Sept.
1690 854 1709 884 4
1770 853 1839 884 Obl.
1863 853 1911 890 76,
1937 854 1990 883 191

1481 906 1557 937 1473
1580 906 1650 938 Oct.
1672 907 1691 937 8
1770 906 1839 937 Obl.
1863 907 1912 943 83,
1935 907 1973 936 29

1481 960 1557 990 1483
1580 959 1649 991 Oct.
1675 960 1711 990 15
1770 959 1840 990 Obl.
1863 960 1912 996 83,
1934 958 1973 990 87

1481 1013 1555 1043 1491
1580 1013 1659 1053 Aug.
1685 1013 1720 1042 19
1770 1013 1822 1043 AC
1844 1012 1963 1043 Camer.
1987 1011 2013 1049 Ι,
2038 1013 2074 1042 16

1482 1066 1558 1096 1494
1579 1066 1654 1096 Maii
1676 1067 1712 1096 21
1770 1066 1822 1096 AC
1844 1065 1964 1096 Camer.
1988 1064 2013 1102 Ι,
2036 1065 2074 1095 39

1771 1118 1822 1149 AC
1844 1118 1964 1149 Camer.
1988 1117 2014 1155 1,
2036 1118 2076 1148 60

574 1245 814 1290 Tragurien.
840 1244 976 1288 (Treui)
1001 1246 1033 1278 in
1058 1246 1231 1287 Dalmatia,
1255 1246 1346 1278 suffr.
1371 1247 1538 1288 Spalaten.
1563 1247 1620 1288 (74
1642 1247 1690 1288 ss.)

1483 1341 1559 1371 1435
1582 1340 1651 1371 Oet.
1674 1341 1713 1371 24
1772 1339 1841 1371 Obl.
1865 1341 1913 1377 66,
1936 1341 1974 1371 22

1483 1393 1559 1424 1437
1582 1393 1660 1434 Aug.
1683 1394 1702 1424 9
1771 1392 1841 1424 Obl.
1865 1394 1913 1430 66,
1936 1394 1974 1424 36

1483 1447 1561 1476 1440
1581 1446 1656 1487 Apr.
1682 1447 1715 1477 11
1772 1445 1841 1477 Obl.
1865 1447 1914 1483 66,
1937 1447 1972 1476 51

1483 1500 1559 1530 1452
1583 1498 1672 1531 Jun'ii
1693 1501 1711 1530 5
1772 1499 1842 1530 Obl.
1865 1499 1914 1537 72,
1937 1501 1973 1530 51

1484 1553 1560 1583 1484
1584 1553 1656 1584 Jan.
1682 1553 1717 1582 19
1772 1552 1842 1583 Obl.
1865 1554 1914 1590 83,
1937 1553 1976 1583 88

1484 1606 1560 1636 1488
1583 1605 1652 1637 Oct.
1675 1606 1713 1636 22
1773 1605 1842 1636 Obl.
1865 1607 1914 1643 83,
1940 1605 1995 1636 117

578 1731 808 1775 'l'rajeetem
833 1732 1029 1774 (Utrecht)
1054 1733 1087 1765 in
1114 1733 1301 1772 Hollandia,
1326 1733 1416 1765 suffr.
1441 1734 1610 1766 Colonien.
1636 1734 1736 1774 (4600
1760 1734 1809 1775 ss.)

1486 1828 1561 1858 1432
1583 1827 1658 1858 Dec.
1683 1828 1721 1858 10

1485 1881 1561 1910 1455
1584 1880 1658 1921 Apr.
1681 1880 1699 1911 7

1485 1933 1561 1964 1457
1585 1933 1671 1974 Sept.
1697 1934 1732 1964 12

1485 1987 1561 2016 1496
1584 1986 1662 2027 Aug.
1688 1988 1720 2016 11

1773 1827 1859 1858 Arm.
1882 1827 1960 1864 XII,
1986 1828 2051 1865 121,
2074 1838 2104 1869 p.
2127 1827 2186 1858 279

1773 1874 1787 1980 ἶ
1836 1880 1932 1912 Gams
1963 1882 2022 1911 256
2052 1884 2085 1912 et
2117 1880 2234 1911 Schede
2264 1880 2296 1911 di

1876 1933 2026 1974 Garampi

1774 1987 1825 2017 AC
1847 1986 1966 2017 Camer.
1991 1986 2016 2024 I,
2039 1988 2077 2017 49

1248 2161 1322 2188 Max.
1356 2161 1434 2188 ducis
1466 2161 1612 2188 Flandriae
1644 2170 1740 2196 prom„
1773 2170 1845 2187 cons.
1872 2162 1939 2187 1498
1962 2161 2044 2188 Mart.
2069 2162 2114 2194 25)
2146 2169 2219 2191 „non
2249 2161 2296 2186 ud-

1246 2205 1362 2231 missus⁴‘
1383 2206 1531 2239 resignavit,
1550 2214 1574 2231 a.
1598 2206 1673 2232 1506.

1697 2251 1847 2281 Trsiooten.

1316 2293 1337 2327 ¹)
1361 2294 1404 2320 Ad
1428 2294 1594 2325 Caesarien.;
1618 2294 1634 2327 †
1659 2295 1726 2320 1433
1750 2294 1880 2320 Basileae.

1315 2337 1336 2370 ²)
1361 2338 1414 2369 Qui
1435 2338 1589 2364 absolvitur
1610 2347 1627 2364 a
1649 2338 1771 2372 quibusc.
1795 2339 1923 2369 censuris,
1947 2346 2016 2372 quas
2038 2338 2129 2364 forsan
2152 2340 2296 2372 praetextu

1246 2391 1420 2416 processuum
1439 2385 1535 2408 eontra
1553 2383 1643 2416 ipsum
1662 2391 1710 2416 per
1728 2382 1804 2408 illum
1825 2382 1975 2408 Svederum
1995 2382 2117 2416 prandeo.
2137 2381 2296 2408 emissorum

1246 2427 1368 2452 incurrit.
1410 2426 1434 2452 A
1454 2427 1537 2460 capit.
1559 2426 1632 2460 Traj.
1655 2429 1718 2461 post
1745 2427 1788 2453 ob.
1819 2427 1931 2453 Suederi
1956 2427 2066 2461 eligitur
2091 2426 2243 2454 Walnmus
2262 2426 2297 2452 de

1246 2471 1328 2501 Miirs,
1359 2471 1406 2504 qui
1434 2472 1520 2497 etiam
1548 2471 1584 2497 ab
1614 2479 1691 2505 aepo.
1722 2471 1869 2502 Colonien.,
1894 2471 1978 2497 fratre
2001 2478 2060 2502 suo,
2084 2471 2218 2501 confirm„
2249 2469 2297 2496 scd

1249 2515 1316 2541 1448
1339 2515 1394 2548 juri
1416 2523 1466 2541 suo
1489 2515 1562 2541 cedit,
1585 2518 1613 2541 et
1638 2516 1706 2542 1450
1728 2515 1762 2541 fit
1783 2524 1857 2549 epuS.
1878 2515 2069 2541 Monasterien.
2095 2515 2148 2541 Cir.
2172 2514 2295 2540 Zeikschr.

1245 2559 1264 2592 f.
1288 2559 1313 2584 d.
1335 2559 1423 2585 Gesch.
1446 2559 1471 2585 d.
1485 2558 1587 2585 Oberrh.
1614 2559 1691 2590 XVI,
1720 2560 1778 2585 215.
1826 2559 1879 2586 cfr.
1904 2567 1987 2593 supra
2011 2567 2036 2593 p.
2059 2560 2075 2585 9
2095 2567 2134 2585 nr.
2157 2559 2212 2590 1122,
2233 2559 2249 2584 3
2269 2561 2297 2584 οι

1193 2607 1194 2618 ¹
1246 2603 1433 2637 Osnabrugen.
1455 2603 1491 2629 ad
1511 2612 1535 2629 a.
1560 2604 1634 2629 1454.

1316 2647 1338 2679 ³)
1359 2647 1396 2673 Et
1413 2656 1501 2673 revoc.
1519 2647 1620 2673 admin.
1641 2647 1775 2673 Guilelmo
1792 2649 1835 2674 tit.
1853 2657 1873 2674 s.
1894 2648 2011 2674 Sabinae
2028 2647 2115 2681 presb.
2133 2646 2205 2673 card.
2224 2647 2296 2678 „Me-

1193 2724 1194 2730 .
1249 2691 1338 2716 tensi“
1369 2692 1401 2717 10
1428 2691 1493 2717 Maii
1523 2692 1590 2717 1455
1617 2692 1751 2717 commiss.
1783 2694 1900 2726 (necnon
1929 2692 1977 2725 rej.
2008 2694 2067 2718 tam
2100 2691 2242 2726 Stephano
2263 2690 2298 2717 (10

1250 2735 1519 2762 Simmern-Veldenz
1552 2744 1636 2770 quam
1669 2736 1776 2762 Davide
1809 2736 1867 2762 filio
1898 2738 1955 2762 nat.
1989 2736 2109 2770 Philippi
2131 2735 2208 2762 ducis
2229 2735 2297 2762 Bur-

1246 2779 1384 2814 gundiae).

1317 2823 1339 2857 ⁴)
1362 2824 1426 2850 Non
1449 2827 1556 2858 sponte,
1577 2824 1625 2850 sed
1650 2824 1676 2850 S.
1701 2824 1731 2850 P.
1756 2825 1796 2850 ita
1819 2824 1990 2859 disponente.

1316 2868 1338 2901 ⁵)
1361 2868 1415 2895 cfr.
1440 2871 1496 2894 not.
1522 2869 1546 2895 3.

1317 2912 1340 2945 ⁶)
1365 2912 1496 2939 Thesaur.
1522 2912 1585 2938 eccl.
1610 2912 1763 2943 Colonien.;
1786 2920 1835 2938 res.
1862 2913 1937 2939 1517.
