2436 3328
53 285 71 304 ¹⁸
82 281 241 314 Dublinen.

53 1078 211 1109 Dulcinen.

54 1131 254 1162 Dumblanen.

54 1441 230 1471 Dunelmen.

57 2236 74 2254 *
86 2236 203 2265 Dunen.

55 2324 73 2344 *
86 2324 249 2354 Eboracen.

51 2597 76 2616 '⁸
85 2596 273 2628 Ebredunen.

916 179 969 215 ad
991 179 1095 214 Hier.
1119 178 1222 214 cath.
1246 178 1320 213 vol.
1343 179 1394 213 1².

397 279 417 309 J
430 289 447 308 ο
459 289 477 308 a
489 289 509 308 n
521 289 541 308 n
553 289 569 308 e
581 289 594 308 s
605 279 703 316 (1279)
715 278 777 308 obt.
789 278 913 317 pallium
923 279 996 309 1279
1008 278 1069 308 Jul.
1078 279 1109 314 1;

395 325 413 353 3
443 323 596 353 mensibus
627 327 697 362 post
726 323 857 352 decanus
887 327 918 352 et
948 322 1038 361 capit.
1070 322 1109 352 ad

395 367 515 397 Curiam
535 368 623 397 Rom.
644 367 675 396 in
695 377 785 397 causa
805 367 888 397 elect.
911 367 1057 404 (anteced.
1078 367 1109 396 in

395 412 467 441 disc.
482 412 592 449 factae)
607 412 740 441 citantur
754 412 799 449 (P.
815 413 849 441 21
864 412 919 441 626
933 415 964 440 et
977 412 1011 440 21
1026 412 1107 448 651);

397 457 417 486 J
430 466 477 486 oa
489 466 509 485 n
521 467 541 485 ιι
553 467 569 486 8
581 467 594 485 s
614 457 712 493 (1285)
732 456 794 486 obt.
816 456 877 485 Jul.
898 457 931 485 11
952 455 997 484 lic.
1018 459 1074 490 „ut
1091 466 1108 484 a

397 500 504 540 quoc.“
514 505 545 530 et
553 501 648 530 altera
657 500 705 530 die
713 504 783 539 post
791 500 915 538 pallium
925 500 970 537 (P.
981 501 1017 528 22
1030 501 1107 537 242),

396 545 469 574 item
488 544 514 574 G
526 545 617 574 uile
629 545 638 574 l
650 555 680 574 m
693 555 712 574 u
724 555 738 574 s
756 545 854 582 (1296)
872 543 953 573 illam
970 544 1015 573 lic.
1036 545 1107 574 1297

398 589 470 619 Jun.
496 591 531 619 16
554 593 585 619 et
607 589 731 628 pallium
756 588 817 618 Jul.
841 590 858 618 9
882 588 927 625 (P.
952 589 988 617 24
1000 589 1055 618 529
1079 592 1109 617 et

396 635 433 663 24
444 635 527 671 540);
576 633 604 662 R
615 633 626 662 i
637 643 653 662 c
665 633 684 662 h
697 643 715 662 a
726 643 741 662 r
752 632 772 662 d
784 643 804 662 u
816 643 829 662 s
877 632 926 670 (de
962 632 1107 670 Ferrings,

396 677 709 714 adiac.-Cantuarien.)
725 678 798 706 1299
814 676 885 706 Jun.
902 678 946 711 17,
961 676 1059 705 adhuc
1072 677 1107 706 el.

396 726 427 751 et
453 722 483 751 in
510 722 598 752 Curia
624 722 661 751 R.
688 731 886 756 commorans,
914 720 976 750 obt.
1005 721 1107 750 facult.

396 766 532 796 contrah.
559 770 699 796 mutuum
725 770 756 794 et
782 765 843 794 Jul.
871 766 885 794 1
912 765 1037 804 pallium
1063 765 1108 802 (P.

397 811 501 840 24846
534 814 565 839 et
597 811 728 847 24857);
773 809 1027 838 Richardus
1061 809 1109 846 (de

396 855 589 893 Aueringues,
607 864 723 893 procur.
742 853 817 892 regis
834 853 958 892 Angliae
974 853 1005 882 in
1022 853 1110 882 Curia

396 899 444 934 R„
458 898 604 935 subdiac.)
617 908 702 937 prov.
718 899 790 928 1307
806 898 866 927 Jul.
882 899 919 927 10
930 898 967 927 al.
981 898 1061 927 Mart
1073 899 1111 927 30

398 943 468 980 (Cle.
486 943 513 972 V
531 944 626 979 1561),
645 942 707 972 obt.
726 942 782 972 fac.
800 942 889 981 recip.
908 942 981 971 alios
998 942 1060 971 ord.
1079 946 1110 971 et

397 997 505 1017 munus
518 997 658 1022 consecr.,
673 997 750 1026 quae
762 997 879 1025 prorog.
893 986 932 1015 ad
946 986 1108 1021 biennium,

397 1042 436 1067 „a
457 1031 564 1070 quoc.“
598 1031 628 1068 (1.
650 1042 674 1060 c.
699 1032 794 1067 1761).

403 1099 409 1105 .
422 1099 428 1105 .
446 1086 528 1114 epus.
556 1085 616 1105 oco.
646 1076 720 1105 1250
745 1075 817 1114 Apr.
846 1076 881 1104 22
909 1075 954 1112 (Ρ.
983 1076 1018 1104 13
1030 1076 1108 1111 957).

397 1129 434 1158 de
444 1130 471 1158 A
483 1129 503 1158 b
514 1139 529 1158 r
540 1139 558 1157 a
570 1129 590 1157 h
602 1139 620 1157 a
632 1139 662 1158 m
675 1139 692 1158 ο
705 1130 740 1166 (c.
755 1129 850 1165 1220),
864 1128 926 1157 filio
937 1127 1108 1163 sacerdotis,

396 1173 431 1203 el.
463 1177 494 1203 et
524 1173 563 1202 ab
594 1183 679 1211 aepo.
711 1183 733 1202 s.
763 1172 901 1202 Andreae
929 1172 1042 1211 absque
1063 1172 1108 1201 lic.

401 1217 429 1247 S.
444 1218 476 1247 P.
491 1217 606 1247 conflet
617 1227 707 1252 cons.,
730 1217 829 1256 agitur
844 1217 875 1246 in
891 1217 949 1246 litt.
967 1217 1046 1246 Ηοιι.
1061 1216 1110 1245 III

398 1263 478 1299 (544)
505 1263 539 1291 21
566 1262 637 1300 Apr.
666 1263 738 1292 1217
764 1261 857 1296 datis3
883 1261 962 1290 inter
986 1271 1054 1290 eum
1080 1264 1111 1290 et

397 1306 563 1335 Radulfum
576 1306 662 1335 inser.
687 1307 785 1336 Adam
797 1305 834 1334 de
849 1305 941 1335 Stone
955 1305 1046 1342 (Hon.
1061 1305 1109 1334 III

397 1350 635 1389 2604ad7Aug.
650 1351 749 1387 122Ο);
775 1349 1024 1379 Guilelmus
1046 1349 1108 1379 obt.

397 1395 442 1424 lic.
466 1399 535 1424 test.
559 1396 631 1424 1291
657 1395 717 1424 Jul.
740 1395 774 1423 31
799 1395 844 1431 (P.
867 1395 903 1423 23
916 1396 993 1431 753).

398 1439 621 1476 (Dunholmen.,
656 1438 868 1475 Durhamen.):
903 1438 993 1477 capit.
1029 1438 1109 1467 Dun.

398 1484 472 1513 1203
489 1483 509 1513 J
511 1493 558 1513 an.
574 1486 592 1513 5
608 1483 647 1512 ab
662 1483 729 1512 Inn.
746 1483 795 1512 III
810 1487 958 1518 monetur,
974 1486 1010 1511 ut
1024 1492 1108 1521 aepo.

397 1527 562 1557 Eboracen.
593 1527 732 1557 idoneam
761 1537 920 1566 personam
949 1527 980 1556 in
1009 1537 1109 1565 epum.

396 1576 567 1610 praesentet
579 1572 623 1609 (P.
638 1573 738 1609 1801);
767 1572 846 1601 Hon.
860 1571 908 1600 III
922 1572 996 1600 1220
1008 1571 1079 1600 Jun.
1093 1572 1109 1600 2

397 1620 428 1645 et
446 1617 517 1646 1221
538 1617 610 1646 Jun.
628 1619 645 1646 5
662 1616 699 1645 de
716 1616 798 1645 vitiis
820 1615 1033 1645 Richardo
1059 1615 1110 1644 ob-

396 1660 482 1699 jectis
501 1660 611 1699 inquiri
631 1660 726 1699 jubet,
742 1660 793 1690 sed
818 1661 854 1689 28
869 1660 889 1689 J
891 1670 938 1689 an.
955 1661 1026 1689 1221
1042 1670 1110 1689 eum

397 1715 414 1734 a
444 1709 518 1734 voto
548 1705 763 1734 transfretandi
793 1704 909 1733 ratione
939 1708 1048 1733 senect.
1080 1708 1111 1733 et

396 1749 506 1778 infirm.
535 1749 666 1778 absolvit
693 1753 724 1778 et
754 1750 825 1779 1227
855 1749 943 1778 Mart.
973 1749 990 1777 4
1025 1758 1111 1787 aep0.

397 1793 562 1823 Eboracen.
583 1793 695 1823 admin.
716 1793 855 1822 ecclesiae
874 1793 953 1822 Dun.
973 1792 1025 1822 diu
1044 1803 1108 1822 vac.

397 1838 571 1873 committit,
597 1838 621 1867 si
644 1838 722 1867 infra
746 1848 878 1867 mensem
901 1837 999 1866 adhuc
1023 1847 1110 1866 vaca-

398 1882 476 1911 verit
499 1882 590 1919 (Hon.
614 1882 663 1911 III
685 1883 769 1917 2473,
793 1883 877 1916 3041,
900 1882 984 1916 3469,
1009 1883 1109 1917 6270);

398 1936 425 1955 a.
457 1927 529 1957 1237
560 1926 708 1965 protectio
737 1926 806 1955 eccl.
838 1926 917 1955 Dun.
949 1936 1013 1955 vae.
1044 1936 1109 1964 epo.

399 1970 534 2000 Lincoln.
554 1970 702 2000 committ.
733 1971 777 2008 (P.
799 1971 835 2000 10
846 1972 904 2000 800
930 1970 968 1999 ad
987 1971 1021 1999 21
1043 1969 1109 1999 Oct.

400 2015 500 2051 1239);
513 2014 550 2044 (18
562 2015 646 2044 elect.
659 2015 696 2044 de
709 2015 741 2044 T.
755 2015 837 2044 facta
850 2016 924 2052 (not.
938 2015 967 2051 4)
983 2014 1049 2043 Gre.
1064 2014 1111 2043 IX

400 2059 498 2096 (4548)
524 2059 616 2088 etiam
642 2060 656 2088 1
683 2059 750 2088 Oct.
778 2060 852 2088 1238
876 2058 985 2097 inquiri
1010 2058 1109 2097 jubet;

400 2102 476 2132 Nic
489 2103 557 2132 ola
569 2113 614 2132 us
631 2113 685 2132 res.
704 2107 775 2133 ante
793 2104 829 2132 22
846 2103 917 2142 Apr.
939 2104 1011 2132 1249
1030 2103 1108 2140 (Ιιιιι.

401 2147 443 2175 IV
461 2148 562 2184 4493);
583 2148 656 2176 1308
677 2147 758 2186 Sept.
779 2150 794 2177 7
825 2147 1046 2176 Ricardus
1075 2147 1109 2176 el.

399 2191 521 2221 Dublin.
545 2191 594 2221 trf.
619 2191 657 2221 ad
678 2191 747 2220 eccl.
769 2191 848 2221 Dun.

400 2235 470 2264 eccl.
488 2239 534 2264 est
550 2235 584 2265 O.
605 2235 633 2265 S.
651 2235 685 2265 Β.
704 2236 783 2272 (Ιιιιι.
802 2235 844 2264 IV
860 2237 916 2265 538
932 2235 971 2264 ad
987 2237 1004 2265 5
1021 2235 1109 2264 Mart.

399 2324 604 2353 accusationes
618 2328 723 2353 contra
739 2323 765 2353 G
777 2334 795 2352 o
807 2323 826 2352 d
839 2324 851 2352 f
862 2334 876 2352 r
887 2323 897 2352 i
909 2323 929 2352 d
941 2334 960 2352 u
973 2334 1002 2352 m
1018 2323 1110 2360 (Gau-

402 2367 524 2405 tridum)
553 2368 686 2407 prolatas
714 2368 780 2397 Inn.
811 2368 859 2396 III
887 2378 985 2406 epum.
1015 2367 1109 2396 Elien.

398 2412 569 2442 examinare
589 2411 676 2451 jubet
698 2413 771 2441 1202
792 2412 863 2441 Maii
883 2413 917 2441 31
941 2412 986 2449 (P.
1010 2413 1109 2448 1686);

398 2460 467 2495 post
488 2456 553 2495 ejus
573 2456 620 2486 ob.
643 2456 809 2495 capitulum
830 2460 977 2491 monetur,
1000 2460 1035 2485 ut
1054 2455 1111 2484 sibi

398 2501 489 2539 eligat
514 2505 674 2540 pastorem,
704 2502 777 2530 1213
803 2501 890 2529 Deec.
918 2501 954 2529 23
979 2504 1010 2529 et
1038 2501 1110 2529 1215

400 2546 472 2575 1215
497 2545 579 2584 Sept.
604 2546 639 2574 13
661 2545 706 2582 (Ρ.
730 2546 804 2574 4863
826 2549 857 2573 et
878 2545 974 2581 4995).

399 2598 436 2628 de
459 2609 543 2637 prov.
569 2597 775 2627 Bernardi
799 2597 851 2627 cfr.
869 2597 960 2627 etiam
972 2597 1006 2627 P.
1020 2598 1109 2632 462&

400 2642 637 2672 Guilelmus
673 2642 721 2680 (de
753 2642 926 2680 Mandag0t‚
969 2651 1046 2679 mag.
1080 2645 1111 2670 et

398 2697 533 2726 praepos.
558 2687 717 2716 Tholosan.
743 2691 835 2725 atque
860 2686 954 2716 adiac.
978 2686 1109 2723 Uticen.)

397 2731 460 2771 jam
487 2742 571 2770 prov.
606 2732 680 2761 1295
704 2731 792 2760 Mart.
818 2731 855 2760 28
879 2735 909 2760 et
931 2740 1011 2760 cons.
1037 2740 1054 2759 a
1080 2730 1108 2759 S.

399 2776 433 2806 P.
458 2776 488 2805 in
512 2776 661 2806 Laterano
678 2776 767 2805 Dom.
792 2779 862 2814 post
885 2775 1000 2804 Pascha
1025 2775 1108 2813 (Apr.

399 2821 457 2858 10),
482 2820 520 2850 fit
542 2824 652 2859 postm.
689 2824 785 2849 rector
817 2819 918 2849 comit.
944 2818 1109 2848 Venaissini

399 2865 486 2902 (Bon.
511 2864 587 2895 VIII
604 2865 705 2902 2228);
732 2864 918 2894 Joannes
941 2863 959 2901 †
982 2874 1008 2892 a.
1034 2873 1056 2892 s.
1081 2873 1107 2892 a.

401 2909 484 2944 1317,
519 2908 584 2948 ejus
616 2918 767 2938 successor
798 2904 882 2947 prov.
918 2909 990 2938 1319
1027 2907 1107 2946 Sept.
1166 2902 1167 2906 ¹

400 2953 435 2982 18
459 2953 496 2982 al.
523 2954 557 2983 12
582 2953 644 2990 (Jo.
668 2953 765 2982 XXII
792 2954 905 2991 10343).

1218 278 1234 297 *
1248 278 1403 308 Ebroicen.

1218 508 1234 526 *
1248 508 1415 546 Egitanien.

1219 817 1357 847 Elboren.

1221 906 1342 935 Elenen.

1221 950 1237 968 '⁸¹
1251 950 1344 979 Elien.

1220 1083 1236 1101 '⁸‘
1250 1083 1353 1112 Elnen.

1219 1216 1235 1234 *
1250 1216 1464 1245 Enachdunen.

1219 1437 1419 1476 Engolismen.

1220 1791 1413 1822 *Esthonien.

1221 1881 1341 1910 Esulan.

1220 2155 1368 2194 Eugubin.

1219 2333 1235 2351 *
1250 2332 1392 2362 Exonien.

1219 2465 1388 2503 Eystetten.

1218 2730 1234 2748 *
1248 2730 1460 2768 Famagustan.

2161 182 2273 212 XXIII

1563 278 1590 307 R
1603 288 1620 307 a
1633 278 1652 307 d
1665 278 1705 307 ul
1719 278 1761 307 fu
1773 289 1786 307 s
1812 279 1860 315 (de
1885 279 2056 315 Cheuriaco,
2084 281 2169 317 1263)
2195 280 2272 310 conf.

1564 326 1634 351 ante
1664 324 1699 352 13
1725 323 1807 361 Apr.,
1836 327 1926 352 antea
1954 323 2048 353 adiac.
2077 323 2170 353 Paris.
2188 324 2272 363 (Reg.

1564 366 1645 396 Cam.
1673 368 1754 404 362);
1793 367 2008 397 Nicolaus
2045 369 2119 398 1283
2145 368 2210 398 Oct.
2238 369 2271 398 21

1564 411 1662 440 adhuc
1685 411 1806 440 clericus
1828 412 1903 450 regis
1926 412 2068 441 Franciae
2090 417 2121 442 et
2143 412 2272 442 thesaur.

1563 455 1633 484 eccl.
1657 466 1678 484 s.
1703 455 1874 485 Framboldi
1896 456 1988 485 dioec.
2014 456 2211 486 Silvanecten.

1562 503 1650 546 super
1669 508 1813 537 limitibus
1831 509 1923 538 dioec.
1945 509 2065 548 Egitan.
2085 514 2116 539 et
2134 510 2272 540 Colimbr.

1563 552 1663 591 agitur
1695 554 1767 582 1224
1799 553 1886 582 Mart.
1919 555 1936 582 8
1969 554 2059 590 (Ηοιι.
2093 554 2141 583 111
2172 555 2272 591 4984„

1562 597 1592 626 Μ
1605 607 1622 625 a
1634 607 1649 626 r
1661 597 1726 625 tin
1739 607 1759 626 u
1771 608 1784 626 s
1800 608 1860 626 occ.
1880 599 1952 626 1213
1969 598 2054 627 Febr.
2072 599 2108 627 24
2125 599 2169 635 (P.
2186 599 2273 635 4676)

1563 645 1594 670 et
1612 642 1686 670 1226
1704 641 1789 670 Febr.
1811 643 1844 671 17
1864 642 1955 678 (Ηοιι.
1976 642 2023 671 III
2041 644 2142 679 5830);
2172 642 2250 672 Vin
2262 659 2273 664 -

1562 695 1577 714 c
1591 696 1606 714 e
1618 695 1638 714 n
1650 689 1664 714 t
1676 685 1685 714 i
1698 695 1717 714 u
1729 696 1742 714 s
1770 687 1872 724 (mag.)
1890 686 1988 715 adhuc
2004 687 2038 715 el.
2058 688 2131 716 1234
2149 687 2219 716 Jun.
2238 687 2273 716 14

1564 733 1594 758 et
1612 729 1678 759 Oct.
1696 732 1713 759 5
1741 729 1803 768 jam
1820 741 1902 768 epus.
1922 732 1994 760 1237
2014 731 2074 760 Jul.
2093 733 2110 761 5
2128 731 2208 768 (Gre.
2227 731 2273 760 IX

1564 775 1648 809 2087,
1673 775 1756 809 2134,
1782 776 1878 811 3770).

1562 818 1754 847 Alvarus
1780 820 1877 855 (1415)
1904 823 1968 848 erat
1993 823 2082 848 antea
2107 819 2141 848 el.
2167 820 2272 848 Portu-

1562 863 1657 900 galen.
1691 862 1754 899 (cfr.
1777 862 1818 891 ibi
1839 863 1878 892 ad
1898 873 1925 892 a.
1950 864 2044 900 1413).

1565 917 1589 936 v.
1613 907 1755 936 Helenen.

1566 950 1603 980 de
1635 951 1718 980 elect.
1751 962 1777 980 a.
1812 953 1883 981 1217
1918 951 1948 980 in
1981 951 2052 981 disc.
2088 951 2168 980 facta
2203 952 2274 981 1217

1562 995 1629 1024 Oct.
1647 997 1683 1025 25
1712 1000 1743 1024 et
1760 997 1833 1025 1218
1848 996 1867 1024 J
1870 1006 1920 1024 un.
1933 997 1950 1025 9
1963 996 2083 1034 procedi
2095 995 2183 1034 jussit
2195 996 2274 1025 Hon.

1564 1039 1612 1068 III
1636 1041 1703 1076 (846
1726 1044 1757 1069 et
1782 1041 1876 1077 1422).

1564 1083 1589 1112 Β
1601 1094 1616 1112 8
1629 1094 1643 1112 r
1654 1094 1670 1113 e
1682 1094 1702 1112 ιι
1713 1094 1732 1122 g
1743 1094 1761 1113 a
1773 1095 1787 1113 r
1798 1084 1807 1113 i
1820 1095 1840 1113 u
1851 1095 1865 1113 s
1898 1085 1996 1121 (1320)
2029 1084 2091 1113 obt.
2125 1084 2170 1113 lic.
2204 1087 2272 1113 test.

1567 1129 1637 1157 1321
1658 1129 1733 1166 Aug.
1754 1130 1768 1157 1
1790 1129 1851 1165 (Jo.
1871 1128 1967 1157 XXII
1987 1129 2022 1157 13
2034 1130 2116 1165 938);
2136 1128 2183 1157 hic
2202 1129 2275 1158 1332

1566 1172 1615 1201 trf.
1638 1172 1676 1201 ad
1697 1172 1868 1211 Majoricen.

1569 1239 1575 1245 .
1588 1239 1594 1245 .
1612 1227 1693 1255 epus.
1708 1227 1768 1246 occ.
1785 1218 1858 1246 1224
1873 1217 1944 1246 Jun.
1960 1218 1995 1246 18
2009 1217 2100 1254 (Ηοιι.
2115 1217 2163 1245 III
2176 1218 2273 1253 5051),

1569 1262 1641 1291 1227
1673 1261 1744 1300 Apr.
1777 1263 1794 1290 4
1826 1262 1870 1298 (Ρ.
1904 1262 2000 1298 7884),
2034 1262 2108 1290 1238
2138 1261 2226 1290 Mart.
2257 1262 2275 1290 5

1565 1304 1645 1342 (Gre.
1666 1305 1712 1334 IX
1731 1306 1831 1342 4121);
1851 1309 1956 1334 contra
1974 1305 1997 1334 T
2010 1305 2029 1334 h
2042 1315 2059 1334 o
2072 1316 2102 1334 m
2114 1315 2132 1334 a
2144 1316 2174 1334 m
2187 1329 2193 1339 ,
2224 1304 2275 1343 qui

1562 1349 1667 1378 simon.
1680 1360 1710 1378 se
1721 1349 1834 1379 intrudi
1845 1349 1925 1384 fecit,
1936 1349 2046 1388 inquiri
2056 1349 2143 1388 jubet
2153 1349 2219 1378 Inn.
2232 1348 2275 1378 IV

1566 1395 1664 1430 (1737)
1687 1395 1759 1424 1247
1782 1394 1852 1423 Maii
1873 1395 1918 1423 28.

1563 1442 1668 1467 contra
1693 1438 1713 1467 J
1725 1448 1743 1467 o
1755 1448 1773 1467 a
1784 1448 1804 1467 11
1816 1448 1836 1467 ιι
1849 1448 1864 1467 8
1877 1449 1906 1467 ιιι
1942 1438 1972 1475 (†
1996 1439 2079 1473 1203,
2104 1447 2164 1467 ιιοιι
2188 1438 2274 1474 1206)

1565 1482 1604 1511 01)
1617 1482 1740 1521 dilapid.
1754 1482 1901 1512 bonorum
1915 1482 2025 1521 inquiri
2036 1481 2123 1521 jubet
2135 1482 2201 1511 Inn.
2226 1481 2274 1510 III

1566 1527 1639 1556 1198
1671 1526 1742 1556 Maii
1771 1528 1809 1556 30
1838 1527 1883 1564 (P.
1911 1527 1992 1563 228);
2023 1526 2274 1561 Guilelmus,

1565 1571 1616 1609 qui
1633 1570 1696 1609 jam
1716 1572 1788 1600 1203
1807 1570 1979 1600 successisse
1998 1570 2125 1606 videtur,
2145 1570 2274 1609 primum

1564 1615 1602 1643 ab
1615 1615 1681 1644 Inn.
1695 1615 1752 1650 III,
1766 1615 1835 1644 dein
1848 1616 1918 1644 1221
1932 1615 2020 1644 Mart.
2035 1616 2071 1644 13
2082 1615 2121 1644 ab
2133 1615 2212 1644 Ηοιι.
2225 1614 2273 1643 III

1566 1660 1664 1696 (3175)
1681 1664 1828 1694 monetur,
1846 1664 1880 1688 ut
1896 1669 2033 1688 excessus
2048 1669 2116 1688 suos
2132 1658 2272 1697 corrigat;

1563 1703 1775 1733 Robertus
1798 1704 1835 1733 de
1857 1703 1962 1732 Blavia
1987 1704 2021 1733 el.
2042 1703 2105 1742 jam
2121 1713 2180 1732 occ.
2199 1704 2273 1732 1308

1567 1747 1647 1786 Sept.
1675 1751 1692 1778 5
1720 1748 1789 1785 (Cle.
1818 1748 1843 1776 V
1869 1749 1965 1785 3037).

1565 1792 1613 1828 (de
1648 1792 1765 1829 Hestia)
1800 1803 1881 1831 epus.
1906 1792 2030 1821 interest
2063 1791 2186 1821 concilio
2220 1791 2271 1820 IV.

1565 1836 1703 1866 Lateran.
1746 1837 1809 1874 (cfr.
1833 1836 2005 1873 Tarbaten.)

1565 1881 1628 1917 (seu
1664 1881 1810 1920 Equilin):
1856 1882 2000 1911 aicardus
2035 1891 2061 1909 a.
2099 1881 2171 1909 1296
2207 1883 2272 1908 tum

1565 1925 1679 1954 Romae
1708 1929 1774 1954 tum
1803 1925 1956 1963 Anagniae
1986 1924 2131 1963 quasdam
2160 1923 2270 1961 indulg.

1563 1969 1739 2000 concessisse
1761 1969 1879 2004 dicitur,
1912 1969 1971 2007 qui,
2003 1968 2027 1997 si
2050 1969 2094 1997 ita
2117 1972 2171 2002 est,
2196 1968 2274 1996 inter

1563 2013 1751 2043 Leonardum
1793 2018 1823 2042 et
1867 2013 2048 2042 Guilelmum
2090 2012 2270 2045 inserendus,

1566 2057 1729 2088 Guilelmus
1749 2062 1851 2087 autem
1872 2068 1931 2086 non
1951 2057 1990 2086 ad
2010 2067 2036 2086 a.
2060 2058 2141 2091 1276,
2162 2056 2213 2085 sed
2233 2055 2271 2084 ad

1563 2102 1693 2141 aliquem
1704 2112 1816 2131 annum
1828 2106 1896 2140 post
1909 2103 1982 2131 1296
1994 2101 2205 2130 adscribendus
2216 2104 2270 2129 est.

1564 2155 1761 2184 Ventura
1794 2165 1874 2184 cons.
1898 2155 1925 2183 a.
1949 2165 1971 2183 s.
1996 2165 2022 2183 a.
2048 2155 2120 2183 1295
2144 2154 2214 2192 Apr.
2239 2154 2269 2188 4;

1566 2194 1738 2228 Gabriel
1761 2201 1858 2237 (1377)
1883 2198 2016 2228 Vicarius
2039 2198 2128 2228 Urbis
2150 2198 2180 2226 in
2201 2197 2270 2236 spir.

1565 2244 1647 2278 1383,
1673 2244 1698 2272 B
1710 2254 1725 2273 e
1738 2254 1751 2272 r
1764 2248 1777 2272 t
1788 2254 1802 2272 r
1814 2253 1831 2272 a
1844 2253 1863 2272 n
1876 2243 1895 2272 d
1907 2253 1927 2272 u
1939 2253 1953 2272 s
1975 2244 2072 2280 (1391)
2092 2247 2137 2272 est
2153 2241 2271 2270 auditor

1564 2298 1643 2317 caus.
1662 2287 1720 2326 pal.
1741 2292 1837 2326 apost.
1864 2289 1937 2316 1393
1962 2287 2040 2324 (Lat.
2066 2288 2101 2316 29
2126 2287 2145 2315 f.
2171 2287 2247 2323 204).

1565 2331 1813 2361 Guilelmus
1853 2332 1887 2360 el.
1920 2341 1979 2360 occ.
2014 2332 2085 2360 1224
2116 2331 2202 2360 Mart.
2236 2331 2270 2359 15

1563 2376 1654 2412 (Hon.
1675 2376 1723 2405 III
1742 2377 1839 2412 4868),
1859 2375 1944 2414 cujus
1963 2375 2067 2414 resign.
2088 2375 2175 2413 recip.
2197 2375 2269 2403 1244

1563 2420 1633 2449 Dec.
1658 2422 1692 2450 15
1714 2421 1791 2457 (Inn.
1815 2420 1857 2449 IV
1879 2421 1955 2456 772).

1562 2464 1783 2494 Henricus
1805 2465 1903 2501 (1225)
1927 2464 1944 2501 †
1967 2465 2040 2493 1228
2062 2474 2086 2492 c.
2110 2474 2147 2492 m.
2173 2463 2270 2501 Sept,

1562 2509 1592 2537 H
1604 2519 1619 2538 e
1631 2519 1651 2537 ιι
1663 2519 1677 2538 ι·
1689 2508 1698 2537 i
1710 2519 1725 2537 c
1738 2519 1757 2538 u
1769 2519 1783 2537 s
1796 2532 1802 2543 ,
1836 2508 1900 2547 ejus
1923 2518 2080 2542 successor,
2103 2507 2165 2546 jam
2188 2506 2270 2536 sedet

1566 2554 1638 2582 1229
1660 2553 1730 2582 Jun.
1753 2554 1796 2588 15,
1817 2553 1835 2590 †
1850 2554 1923 2582 1232
1942 2562 1966 2581 c.
1988 2563 2026 2581 m.
2042 2552 2127 2587 Jun.;
2159 2552 2188 2580 H
2201 2562 2215 2580 8
2228 2561 2269 2579 ιι-

1562 2597 1623 2626 ric
1636 2607 1655 2626 u
1667 2607 1681 2626 s
1711 2597 1758 2634 (de
1776 2596 1984 2634 Ravensburg)
2004 2596 2038 2625 el.
2058 2596 2087 2624 in
2106 2596 2176 2625 disc.
2198 2596 2270 2625 1232

1563 2651 1587 2670 c.
1618 2652 1657 2670 m.
1691 2641 1782 2680 Sept,
1813 2651 1897 2679 prov.
1928 2651 1954 2669 a.
1987 2642 2068 2675 1233,
2099 2640 2160 2678 jam
2189 2649 2268 2669 cons.

1565 2686 1638 2714 1234
1660 2685 1744 2714 Febr.
1766 2688 1792 2715 5.

1561 2729 1583 2758 C
1595 2739 1613 2758 a
1625 2740 1640 2758 8
1652 2740 1666 2758 s
1678 2740 1695 2758 a
1708 2740 1721 2758 r
1733 2729 1742 2758 i
1754 2740 1774 2758 u
1786 2740 1799 2758 s
1813 2753 1818 2764 ,
1841 2739 1979 2767 praesens
1989 2728 2019 2757 in
2030 2728 2116 2757 Curia
2126 2729 2162 2757 R.
2175 2732 2268 2766 tamq.

1563 2784 1678 2812 procur.
1717 2773 1806 2802 Alicis
1842 2773 1959 2811 reginae
1997 2773 2085 2811 Cypri
2121 2783 2148 2802 a.
2187 2773 2268 2807 1221,

1565 2819 1647 2852 1224,
1676 2819 1747 2847 1225
1774 2818 1864 2854 (Hon.
1893 2817 1940 2845 III
1966 2818 2049 2851 3663,
2076 2818 2158 2851 4686,
2186 2818 2268 2852 4998,

1563 2863 1660 2899 5361),
1682 2872 1749 2891 cum
1770 2872 1796 2891 a.
1820 2862 1892 2890 1225
1913 2861 1951 2889 ad
1974 2860 2084 2890 Salem.
2107 2861 2153 2890 trl.
2175 2860 2270 2899 primo

1564 2906 1640 2935 hanc
1664 2906 1732 2935 eccl.
1758 2905 1881 2944 pacifice
1905 2905 2053 2944 possidere
2078 2915 2136 2934 non
2161 2909 2268 2943 posset,

1560 2950 1683 2979 retinuit
1716 2950 1784 2979 eccl.
1819 2949 1940 2987 Famag.
1976 2949 2006 2978 in
2038 2949 2269 2986 commendam.;
