2436 3328
780 173 880 216 App.
904 172 933 206 1.
955 170 1247 206 Annotationes
1269 169 1322 203 ad
1343 170 1444 212 part.
1469 168 1488 202 1
2201 167 2242 199 39

28 278 236 316 infirmitatem
250 281 281 307 et
295 275 449 315 Papiensis
464 275 503 304 ob
517 274 612 304 ardua
626 272 746 312 negotia
759 289 806 307 —,
822 271 1006 310 participant

23 325 70 362 §.a
85 321 323 366 promotionibus
343 319 431 349 factis
451 323 483 349 et
502 318 609 348 fiendis
630 327 724 356 usque
745 316 783 346 ad
804 316 881 345 festa
901 315 1004 344 Nativ.

22 375 49 393 :w
71 367 125 399 ,ΝΖ
164 367 246 397 Arm.
271 366 290 395 l.
315 375 340 394 e.
357 365 378 394 f.
396 365 442 393 48.
1027 360 1083 388 333

105 412 179 442 Nou.
202 411 241 440 17
274 410 310 439 Α.
335 419 381 448 ep.
406 407 617 437 Paenestrinus
640 405 756 435 revenit
780 404 810 433 in
834 403 947 434 Urbem
970 403 1007 432 de

63 452 65 454 ’
90 456 151 487 esis
171 465 225 485 sua
246 454 387 483 Firmana
408 456 439 482 et
459 451 618 481 continuat
638 449 826 489 participare.
869 448 901 477 L.
924 457 948 476 c.
1028 447 1084 476 334

63 494 66 495 ⁷
105 500 179 530 Nem.
201 499 238 528 21
271 498 319 527 die
341 496 499 526 Dominica
524 495 571 524 Ja.
595 494 675 524 card.
699 492 852 532 Papiensis
873 501 1008 521 reversus

94 544 128 575 in
149 543 263 574 Urbem
285 546 316 571 et
339 541 497 570 continuat
519 539 707 578 participare.
731 537 764 566 L.
786 547 811 565 c.
1029 536 1084 564 335

106 588 180 618 Nov.
201 587 239 617 24
271 586 404 616 Joannes
425 585 473 614 tit.
495 594 532 613 ss.
555 583 642 612 Nerei
663 586 694 611 et
713 581 787 611 Ach.
809 580 905 619 presb.
928 578 1007 608 card.

14 659 16 661 ,
44 666 47 667 ⁷
60 631 222 664 ovariensis
236 630 316 669 vulg.
331 639 463 667 nuncup.
478 628 625 666 ingressus
639 630 685 656 est
698 625 811 656 Urbem
824 634 877 663 per
889 627 1010 662 portam

6 674 31 695 '⁸³'
45 671 52 682 ⁵
70 676 183 708 Mariae
198 675 236 705 de
251 674 376 713 Populo,
394 673 474 702 unde
489 671 653 701 associatus
668 670 727 699 fuit
742 679 794 708 per
810 678 913 698 omnes
929 666 1008 696 card.

1 713 126 762 'fiasque
146 720 186 750 ad
206 719 354 758 palatium
374 728 397 747 s.
420 716 510 751 Petri,
532 715 584 745 ubi
604 725 656 754 per
679 713 707 744 S.
730 714 762 743 P.
785 713 816 741 in
836 711 1011 741 consistorio

4 763 6 765 ¹
23 761 152 806 publico
168 764 227 793 fuit
242 766 389 801 receptus,
407 766 438 791 et
454 760 512 790 alia
529 763 656 794 servata,
676 768 752 797 quae
769 757 873 786 solent.
915 756 948 785 L.
970 766 995 784 c.
1032 756 1088 784 336

110 809 184 839 Nov.
209 807 247 837 25
282 807 330 836 die
355 805 442 836 Jovis
466 805 499 834 F.
525 814 547 834 s.
573 802 684 833 Mariae
708 811 805 831 novae
829 800 904 830 diac.
931 799 1010 829 card.

32 853 218 885 Mantuanus
245 851 326 890 vulg.
355 859 486 888 nuncup.
516 846 643 877 intravit
670 846 784 876 Urbem
813 855 865 883 per
893 848 1013 883 portam

35 908 59 928 s.
77 897 189 928 Mariae
206 896 244 925 de
261 895 378 934 Populo
396 893 516 923 veniens
534 891 571 921 de
589 890 734 925 Bononia,
754 889 806 919 ubi
824 893 870 918 est
888 889 1011 926 legatus,

34 945 68 973 et
90 941 130 971 ab
153 941 212 970 ista
235 939 283 969 die
306 939 338 968 in
361 942 451 967 antea
474 935 636 975 participat
660 938 716 964 etc.
764 934 798 963 L.
824 943 848 962 c.
1035 932 1089 961 337

112 985 180 1015 Dec.
201 984 239 1014 10
268 983 316 1012 die
335 981 456 1012 Veneris
479 981 507 1010 S.
529 981 562 1010 P.
582 979 614 1008 in
633 989 688 1008 suo
707 977 882 1007 consistorio
902 980 1015 1006 secreto

36 1029 119 1070 apud
133 1039 156 1059 s.
171 1029 304 1062 Petrum,
319 1030 355 1056 ut
369 1025 458 1056 moris
473 1028 526 1060 est,
542 1027 613 1053 ante
627 1022 836 1052 consistorium
851 1020 969 1060 aperuit
983 1030 1015 1049 os

40 1073 152 1105 Joanni
171 1072 251 1102 card.
273 1069 458 1104 Novariensi‚
480 1072 511 1098 et
530 1067 710 1107 participare
730 1066 821 1095 debet
841 1065 878 1094 de
898 1075 1015 1103 promo-

38 1117 172 1149 tionibus
190 1115 279 1146 factis
299 1125 334 1144 ea
354 1114 402 1143 die
422 1117 453 1142 et
473 1113 510 1142 de
530 1111 637 1141 fiendis
657 1111 688 1140 in
709 1110 854 1140 futurum.
897 1109 929 1138 L.
952 1119 976 1138 c.
1037 1108 1093 1137 338

114 1161 182 1191 Dec.
201 1161 219 1190 7
244 1159 292 1189 die
307 1157 412 1188 Martis
428 1160 576 1186 venerunt
592 1156 710 1185 litterae
727 1155 764 1184 de
780 1153 938 1183 Lundonio
955 1153 1017 1182 sive

39 1205 78 1236 de
92 1203 256 1235 'turonensi
270 1203 337 1238 civ.‚
355 1201 435 1242 quod
453 1201 501 1230 Jo.
518 1201 566 1230 tit.
583 1211 605 1229 s.
623 1199 745 1229 Martini
760 1198 791 1227 in
807 1202 901 1227 mont.
918 1197 1015 1236 presb.

39 1249 120 1280 eald.
137 1247 284 1279 Albiensis
299 1247 379 1277 diem
395 1245 502 1275 clausit
518 1254 691 1283 supremum
707 1243 788 1281 apud
805 1242 963 1281 oppidum.
976 1264 982 1270 .
995 1264 1015 1276 .,

40 1292 127 1334 cujus
145 1293 246 1323 anima
265 1291 432 1330 requiescat
451 1289 482 1318 in
502 1299 584 1328 pace.
626 1288 659 1317 L.
681 1298 705 1316 c.
1039 1285 1094 1314 339

115 1337 184 1367 Deo.
197 1336 235 1367 21
258 1335 306 1365 die
318 1334 423 1364 Martis
436 1333 473 1363 N.
489 1344 511 1362 s.
526 1332 669 1362 Caeciliae
682 1331 778 1370 presb.
794 1330 873 1360 card.
889 1330 1016 1359 Teanen.

38 1390 171 1421 nuncup.
197 1380 277 1410 diem
302 1378 410 1408 clausit
435 1382 604 1407 extremum
630 1376 661 1405 in
686 1376 742 1405 civ.
771 1374 906 1409 Viterbii,
933 1373 1019 1412 cujus

40 1434 149 1465 eorpus
169 1424 228 1454 fuit
249 1423 384 1453 delatum
406 1423 537 1452 Romam
559 1421 607 1450 die
630 1420 751 1449 Veneris
774 1429 858 1458 prox
883 1428 964 1457 sequ.
989 1421 1020 1446 et

41 1473 197 1510 portatum
223 1467 255 1498 in
283 1467 437 1497 ecclesiam
464 1477 487 1495 s.
518 1465 661 1495 Caeciliae
689 1468 720 1493 et
747 1463 789 1492 ibi
817 1462 1018 1496 reconditum;

41 1517 75 1545 et
85 1512 150 1553 ejus
163 1511 305 1552 exequiae
318 1511 430 1541 ibidem
443 1510 566 1540 fuerunt
579 1512 703 1548 coeptae
717 1507 858 1537 celebrari
871 1506 919 1536 die
935 1506 954 1535 J
956 1505 1020 1535 ovis

41 1558 88 1588 ³0.
107 1557 190 1592 Dec„
210 1555 295 1595 cujus
314 1555 415 1585 anima
433 1554 601 1593 requiescat
619 1553 650 1582 in
668 1562 751 1591 pace.
790 1552 823 1581 L.
844 1561 868 1580 c.
1042 1550 1099 1578 340

517 1627 622 1662 1474.

22 1726 27 1729 .
117 1689 190 1719 [απ.
203 1688 223 1718 5
244 1688 292 1718 die
305 1686 442 1717 Mercurii
454 1687 570 1716 Romae
582 1685 664 1725 apud
677 1685 831 1715 ecclesiam
843 1695 880 1713 ss.
894 1684 1022 1722 Aposto-

36 1732 142 1765 >hrum
165 1733 296 1770 Pe(trus)
323 1731 371 1761 tit.
398 1741 420 1760 a.
450 1730 527 1760 Sixti
552 1730 648 1769 presb.
676 1729 766 1764 card.,
793 1727 1021 1766 Constantinop.

43 1775 223 1819 patriarcha,
241 1775 321 1805 diem
337 1775 445 1805 clausit
462 1778 630 1804 extremum
647 1778 678 1803 et
695 1784 730 1803 ea
747 1773 794 1802 die
811 1773 893 1811 apud
910 1772 1023 1801 dictam

45 1821 115 1851 eccl.
130 1830 238 1860 corpus
252 1819 316 1859 ejus
331 1819 390 1849 fuit
403 1819 591 1848 reconditum
606 1822 636 1848 et
651 1818 715 1857 ejus
730 1817 873 1856 exequiae
887 1816 1024 1855 inceptae

45 1864 186 1895 celebrari
196 1864 244 1894 die
253 1863 359 1893 Martis
371 1865 407 1893 18
419 1864 499 1898 Jan.‚
512 1862 598 1902 cujus
610 1862 711 1892 anima
723 1872 746 1891 r.
761 1862 780 1891 i.
794 1872 822 1900 p.
846 1861 879 1890 L.
897 1871 921 1890 c.
939 1860 959 1889 f.
977 1861 1022 1889 49.
1045 1861 1098 1889 341

121 1909 195 1938 Jcm.
218 1908 257 1938 24
290 1907 338 1937 die
361 1901 463 1937 Lunae
486 1907 521 1936 B.
547 1907 595 1936 tit.
620 1917 642 1936 s.
670 1906 798 1936 Sabinae
821 1905 918 1944 presb.
943 1904 1023 1934 card.

49 1952 227 1992 Spoletanus
253 1952 332 1990 vulg.
360 1961 490 1990 nuncup.
517 1951 577 1980 fuit
602 1951 713 1980 electus
739 1954 770 1979 et
795 1953 968 1988 assumptus
994 1948 1025 1977 in

47 1996 243 2027 camerarium
257 2006 280 2025 s.
296 1995 410 2034 collegii
423 1995 511 2034 juxta
525 1995 653 2024 formam
667 1994 919 2024 constitutionum
933 1992 1025 2032 ipsius

47 2051 71 2072 s.
83 2040 197 2080 collegii
209 2044 240 2070 et
251 2040 358 2069 datum
370 2039 397 2068 ei
409 2039 547 2078 sigillium
559 2049 611 2078 per
625 2039 654 2068 S.
667 2039 711 2073 Ρ.,
724 2042 760 2068 ut
772 2038 862 2067 moris
874 2041 928 2067 est.
953 2037 986 2066 L.
1000 2047 1024 2066 c.
1046 2037 1102 2066 342

123 2085 207 2114 Maii
218 2084 238 2114 3
261 2083 308 2113 die
322 2083 427 2113 Martis
440 2083 513 2112 hora
526 2084 544 2112 4
558 2082 654 2112 noctis
667 2083 783 2112 Romae
796 2082 827 2111 in
839 2082 930 2111 domo
943 2080 1026 2110 habi-

48 2128 173 2159 tationis
192 2139 263 2158 suae
283 2128 313 2157 in
333 2127 446 2166 Campo
466 2127 575 2156 florum
594 2127 629 2156 A.
651 2137 696 2166 ep.
720 2126 858 2155 Sabinen.
882 2125 910 2155 S.
932 2126 969 2154 R.
991 2125 1026 2154 E.

48 2172 128 2204 card.
151 2172 360 2202 Avinionensis
382 2171 462 2201 diem
484 2170 592 2200 clausit
613 2175 780 2200 extremum
803 2174 833 2199 et
854 2170 902 2199 die
924 2171 942 2199 4
964 2169 1028 2208 ejus

49 2226 156 2256 corpus
168 2217 301 2246 deletum
315 2216 373 2245 fuit
386 2215 424 2245 ad
438 2215 592 2244 ecclesiam
605 2225 627 2244 s.
643 2214 794 2250 Praxedis,
809 2214 860 2243 ubi
874 2213 921 2243 die
937 2213 1027 2243 Sabb.

49 2263 67 2293 7
82 2260 154 2291 Maii
169 2261 312 2299 exequiae
328 2260 465 2298 inceptae
481 2259 615 2294 fuerunt3
633 2258 719 2298 cujus
734 2269 760 2288 a.
778 2269 800 2287 r.
818 2258 836 2287 i.
853 2269 882 2297 p.
899 2275 938 2279 ——
953 2258 985 2286 L.
1003 2267 1027 2286 c.
1050 2258 1106 2286 343

127 2304 209 2334 Maii
225 2305 264 2334 23
291 2304 338 2333 die
356 2304 459 2333 Lunae
479 2303 507 2333 S.
527 2304 559 2333 P.
578 2303 609 2332 in
626 2302 801 2332 consistorio
818 2306 931 2331 secreto
949 2301 1030 2340 apud

21 2387 23 2390 Α
51 2358 76 2380 ο.
88 2349 212 2379 Petrum
222 2353 308 2379 motu
320 2348 440 2387 proprio
452 2347 585 2386 providit
596 2347 734 2376 ecclesiae
749 2346 887 2376 Sabinen.
900 2356 965 2375 vac.
979 2355 1031 2384 per

53 2391 102 2423 ob.
113 2393 150 2423 A.
162 2393 242 2423 card.
255 2392 464 2422 Avinionensis
476 2391 513 2421 de
524 2402 650 2430 persona
663 2391 697 2420 Β.
711 2390 759 2420 tit.
772 2401 795 2419 s.
811 2390 938 2419 Sabinae
949 2389 1029 2418 card.

53 2435 208 2477 Spoletani
225 2447 356 2476 nuncup.
378 2441 408 2466 et
427 2436 542 2465 creavit
561 2446 628 2465 eum
649 2435 820 2474 episcopum
840 2434 919 2463 card.
951 2434 984 2463 L.
1005 2443 1030 2462 c,
1052 2433 1108 2463 344

127 2481 186 2511 Oa.
200 2481 238 2511 26
261 2481 309 2511 die
322 2480 459 2510 Mercurii
473 2480 512 2509 M.
528 2480 575 2509 tit.
591 2490 613 2509 s.
628 2479 720 2509 Marci
734 2478 830 2517 presb.
846 2478 925 2507 card.
940 2477 1032 2516 Aqui-

53 2524 190 2564 legiensis
213 2535 355 2564 nuncup.,
381 2524 497 2554 rediens
522 2524 559 2553 de
584 2534 637 2553 sua
663 2523 809 2562 legatione
835 2533 871 2552 ex
897 2522 1033 2561 partibus

49 2566 238 2607 ‚Ahmaniaffi
261 2569 398 2609 introivit
418 2568 449 2597 in
471 2568 583 2598 Urbem
605 2578 657 2607 per
678 2572 797 2606 portam
819 2577 841 2596 s.
863 2566 975 2595 Mariae
996 2566 1033 2594 de

55 2611 181 2652 Populo,
204 2613 283 2643 unde
306 2613 470 2642 associatus
492 2612 552 2642 fuit
574 2622 626 2651 per
649 2622 751 2641 omnes
773 2611 853 2640 card.
878 2620 972 2649 usque
994 2609 1034 2639 ad

56 2657 203 2696 palatim
217 2667 240 2686 s.
255 2657 346 2692 Petri,
361 2657 414 2686 ubi
428 2667 480 2695 per
497 2656 525 2686 S.
542 2657 575 2686 P.
591 2660 727 2694 receptus
742 2655 800 2684 fuit
815 2655 845 2684 in
860 2654 1034 2684 consistorio

56 2700 185 2740 publico,
200 2705 235 2730 ut
248 2701 337 2730 moris
350 2705 405 2736 est,
420 2705 451 2730 et
463 2704 569 2739 postea
582 2700 746 2730 associatus
759 2699 798 2728 ad
812 2699 935 2728 domum
949 2708 1035 2727 suam

56 2745 137 2784 apud
157 2755 180 2775 s.
201 2745 344 2780 Marcum,
365 2749 396 2774 et
415 2745 574 2774 continuat
592 2744 780 2783 participare.
821 2744 853 2772 L.
875 2753 899 2772 c.
1055 2742 1111 2770 345

536 2826 639 2861 1475.

36 2926 38 2928 v
132 2886 204 2916 Jan.
223 2885 262 2915 12
289 2885 337 2915 die
355 2885 477 2915 Veneris
496 2885 530 2915 B.
550 2885 598 2915 tit.
618 2896 640 2914 s.
660 2883 820 2914 Clementis
838 2883 935 2922 presb.
955 2882 1034 2911 card.

42 2929 321 2971 ,.(Ravennatensis)
337 2929 368 2958 in
382 2929 565 2964 consistorio,
582 2934 617 2958 ut
632 2928 721 2959 moris
736 2932 790 2963 est,
807 2927 865 2957 fuit
880 2928 990 2956 electus
1005 2930 1036 2956 et

1190 272 1362 307 assumptus
1375 267 1405 296 in
1418 267 1614 296 camerarium
1626 277 1648 296 s.
1663 266 1775 305 collegii
1788 271 1819 296 et
1831 266 1978 296 traditum
1991 266 2017 296 ei
2029 266 2166 305 sigillum,

1190 316 1221 342 et
1233 312 1355 352 juravit,
1369 315 1405 341 ut
1418 311 1507 341 moris
1521 314 1574 346 est,
1592 321 1648 340 sec.
1663 311 1791 340 formam
1805 310 2064 340 constitutionum.
2086 311 2120 340 L.
2141 321 2167 340 c.
2188 311 2244 340 346

1268 357 1341 386 Nov.
1363 356 1400 385 11
1432 356 1480 385 die
1503 355 1629 384 Sabbati
1650 355 1804 393 Philippus
1826 355 1873 384 tit.
1896 365 1933 384 ss.
1955 355 2118 384 Marcellini
2139 359 2170 384 et

1191 401 1273 430 Petri
1291 400 1388 439 presb.
1408 400 1487 429 card.
1507 399 1688 428 Arelatensis
1707 399 1786 437 vulg.
1806 409 1936 438 nuncup.
1956 399 2072 428 Romae
2090 399 2170 428 diem

1192 445 1300 474 clausit
1323 454 1496 483 supremum
1520 447 1551 472 et
1574 443 1621 472 die
1645 443 1802 472 Dominico
1826 454 1907 482 sequ.
1933 443 1991 472 fuit
2014 447 2170 482 portatum

1193 499 1299 528 corpus
1313 488 1377 527 ejus
1391 488 1429 518 ad
1444 488 1597 517 ecclesiam
1610 498 1632 516 s.
1648 487 1758 516 Mariae
1772 487 1842 526 maj.
1858 492 1888 516 et
1902 487 2013 516 ibidem
2026 498 2107 526 sequ.
2123 487 2170 516 die

1192 533 1314 562 Veneris
1330 533 1452 562 fuerunt
1468 532 1663 571 principiatae
1679 532 1835 570 exequiae3
1865 531 1951 570 cujus
1967 542 1993 560 a.
2011 542 2033 560 r.
2051 531 2069 561 i.
2087 542 2116 570 p.
2133 549 2171 553 -

1193 578 1226 606 L.
1248 587 1272 606 c.
2191 577 2246 606 347
2285 603 2287 605 .

1673 649 1773 684 1476.

1271 718 1294 747 J
1295 729 1343 747 an.
1358 718 1395 747 10
1417 717 1464 746 die
1477 716 1613 746 Mercurii
1627 717 1646 746 J
1649 727 1675 746 a.
1689 717 1736 746 tit.
1750 727 1772 746 s.
1787 717 1969 755 Chrysogoni
1982 717 2078 755 presb.
2092 717 2170 746 card.

1196 762 1350 801 Papiensis
1376 762 1407 790 in
1433 761 1608 790 consistorio
1634 765 1746 790 secreto
1774 762 1884 790 electus
1911 761 1969 790 fuit
1995 761 2173 790 camerarius

1196 817 1218 836 s.
1242 806 1355 845 collegii
1377 810 1407 835 et
1429 805 1499 844 quia
1521 815 1581 834 non
1603 805 1661 834 fuit
1682 816 1716 834 ea
1738 805 1785 834 die
1807 806 1837 834 in
1859 805 2043 840 consistorio,
2067 806 2100 834 B.
2124 805 2172 834 tit.

1197 861 1219 880 s.
1241 850 1401 880 Clementis
1421 850 1517 888 presb.
1539 849 1628 884 card„
1651 849 1702 888 qui
1722 850 1856 879 officium
1876 850 2088 879 camerariatus
2108 849 2174 878 fini-

1197 899 1292 930 verat,
1305 894 1341 923 de
1352 894 1497 923 mandato
1511 894 1538 923 S.
1551 894 1584 923 P.
1597 894 1678 923 misit
1688 894 1816 932 sigillum
1827 894 1865 923 ad
1876 894 1999 923 domum
2010 894 2083 923 dicti
2094 894 2172 923 card.

1197 939 1229 968 in
1253 939 1370 977 signum
1394 938 1485 967 officii
1510 938 1730 967 camerariatus.
1779 939 1811 967 L.
1837 949 1861 967 c.
1888 938 1908 967 f.
1934 940 1979 968 50.
2195 938 2251 967 348

1275 983 1357 1012 Maii
1376 983 1395 1011 3
1425 982 1473 1011 die
1493 982 1614 1011 Veneris
1635 982 1882 1012 Bartholomaeus
1902 982 1950 1011 tit.
1972 993 1994 1011 s.
2017 982 2176 1011 Clementis

1202 1027 1273 1056 olim
1282 1026 1522 1056 Ravennatensis
1531 1037 1661 1065 nuncup.
1672 1027 1786 1056 Romae
1795 1026 1874 1055 diem
1883 1026 1990 1055 clausit
1999 1030 2175 1062 extremum,

1200 1075 1231 1100 et
1247 1071 1295 1100 die
1311 1071 1393 1100 dicta
1409 1075 1478 1109 post
1495 1070 1654 1109 prandium
1671 1071 1729 1100 fuit
1745 1075 1900 1109 portatum
1917 1081 2024 1109 corpus
2049 1070 2113 1109 ejus
2138 1070 2177 1100 ad

1201 1115 1354 1145 ecclesiam
1379 1125 1402 1144 s.
1429 1115 1588 1144 Clementis
1613 1118 1644 1144 et
1668 1115 1779 1144 ibidem
1804 1115 1862 1144 fuit
1886 1114 2050 1153 repositum
2076 1119 2106 1144 et
2130 1114 2178 1144 die

1203 1159 1289 1189 Jovis
1312 1170 1394 1198 sequ.
1419 1159 1541 1188 fuerunt
1563 1159 1699 1197 inceptae
1722 1159 1873 1198 exequiae,
1898 1158 1983 1198 cujus
2007 1169 2033 1188 a.
2058 1169 2080 1188 r.
2104 1159 2123 1188 i.
2147 1169 2176 1197 p.

1199 1221 1238 1225 ——
1258 1204 1291 1233 L.
1313 1214 1337 1232 c.
2199 1203 2253 1232 349

1278 1248 1360 1277 Maii
1379 1247 1415 1277 31
1447 1247 1494 1276 die
1515 1247 1636 1276 Veneris
1658 1248 1705 1277 Ja.
1727 1247 1806 1276 card.
1829 1247 1981 1286 Papiensis
2001 1247 2122 1276 recessit
2141 1247 2179 1276 ab

1201 1292 1283 1322 Urbe
1309 1296 1340 1321 et
1366 1292 1435 1330 quia
1462 1295 1526 1320 erat
1552 1291 1730 1321 camerarius
1756 1291 1878 1330 collegii,
1913 1291 2027 1321 dimisit
2052 1291 2180 1329 sigillum

1204 1336 1315 1366 Joanni
1336 1336 1415 1365 card.
1438 1335 1623 1370 Novariensi,
1645 1339 1680 1365 ut
1700 1339 1849 1365 exerceret
1869 1335 2003 1365 officium
2023 1339 2180 1374 tamquam

1202 1380 1381 1410 camerarius
1402 1380 1475 1409 dicti
1496 1379 1617 1418 collegii.
1659 1380 1691 1409 L.
1713 1390 1737 1409 c.
2200 1380 2257 1409 350

1279 1424 1361 1453 Maii
1375 1424 1394 1453 3
1418 1424 1466 1453 die
1481 1424 1602 1453 Veneris
1617 1424 1696 1453 card.
1713 1423 1866 1462 Papiensis
1881 1423 1953 1453 mihi
1970 1424 1990 1453 J
1992 1423 2124 1453 eronimo
2138 1434 2181 1452 re-

1204 1469 1285 1503 tulit,
1310 1468 1509 1498 deliberatum
1533 1468 1623 1497 fuisse
1646 1468 1677 1497 in
1701 1468 1875 1498 consistorio
1899 1479 1951 1507 per
1975 1478 2077 1497 omnes
2101 1467 2180 1497 card.

1202 1513 1315 1542 ibidem
1335 1516 1515 1551 praesentes,
1538 1512 1618 1551 quod
1640 1513 1690 1542 Ju.
1713 1512 1792 1541 card.
1814 1523 1836 1541 s.
1859 1512 1941 1541 Petri
1961 1512 2000 1541 ad
2020 1512 2108 1547 vinc.,
2131 1511 2182 1550 qui

1203 1557 1252 1586 die
1270 1580 1276 1586 .
1300 1581 1306 1586 .
1330 1580 1335 1586 .
1353 1557 1439 1586 Febr.
1461 1556 1595 1595 proxime
1615 1556 1768 1595 praeteriti
1788 1557 1885 1586 iverat
1906 1556 2020 1594 legatus
2040 1556 2071 1585 in
2091 1556 2181 1585 Fran-

1204 1601 1290 1636 ciam,
1315 1601 1509 1640 participaret
1532 1611 1549 1629 a
1572 1600 1619 1630 die
1642 1611 1772 1630 recessus
1795 1601 1840 1630 sui
1863 1611 1957 1639 usque
1981 1600 2020 1629 ad
2042 1600 2181 1635 reditum,

1205 1656 1239 1675 ac
1260 1645 1284 1675 si
1304 1655 1443 1684 praesens
1464 1645 1549 1674 foret.
1591 1645 1623 1674 L.
1646 1655 1670 1674 c.
2203 1644 2256 1673 251

1282 1690 1305 1718 J
1306 1690 1373 1719 um'i
1385 1690 1423 1718 10
1446 1689 1494 1718 die
1507 1689 1610 1718 Lunae
1625 1689 1653 1718 S.
1669 1690 1701 1718 P.
1716 1689 1835 1718 recessit
1848 1689 1886 1718 ab
1900 1689 1981 1718 Urbe
1995 1689 2033 1717 ob
2046 1688 2184 1718 timorem

1207 1734 1308 1773 pestis,
1321 1733 1450 1772 dirigens
1461 1743 1576 1771 gressus
1587 1743 1656 1762 suos
1667 1744 1769 1762 versus
1780 1733 1957 1767 Viterbium,
1970 1736 2001 1762 et
2012 1732 2082 1771 quia
2093 1732 2184 1771 pestis

1207 1778 1269 1818 jam
1301 1778 1412 1807 ibidem
1443 1777 1604 1816 inceperat,
1637 1777 1740 1806 eadem
1771 1777 1819 1806 die
1850 1777 1906 1806 ivit
1937 1777 2183 1815 Campanianum,

1208 1822 1372 1852 associatus
1405 1832 1423 1851 a
1457 1824 1473 1851 6
1507 1821 1586 1851 card.
1620 1821 1782 1860 deputatis,
1817 1821 1904 1850 videl.
1939 1820 2183 1859 Rothomagensi,

1206 1866 1462 1901 Vicoeancellario,
1489 1865 1696 1904 Neapolitano,
1713 1865 1934 1900 Mediolanensi,
1957 1865 2122 1894 Mantuano
2155 1868 2186 1893 et

1208 1921 1231 1940 s.
1250 1910 1364 1949 Angeli,
1384 1914 1414 1939 et
1432 1910 1538 1939 deinde
1556 1910 1679 1939 accessit
1696 1910 1859 1939 Vetrallam
1878 1914 1909 1938 et
1926 1920 1978 1947 per
1996 1909 2059 1938 loca
2077 1908 2183 1943 vicina,

1210 1954 1374 1984 associatus
1396 1954 1435 1983 ab
1458 1954 1568 1983 eisdem
1590 1954 1669 1983 card.
1694 1964 1787 1992 usque
1810 1953 1888 1982 diem
1913 1953 2002 1982 Sabb.
2028 1954 2063 1982 29
2088 1952 2184 1987 Junii;

1211 2009 1270 2038 qua
1287 1998 1334 2028 die
1350 1998 1476 2027 intravit
1493 1998 1643 2027 Ameriam
1660 2002 1690 2027 et
1707 1997 1869 2027 successive
1886 1997 1927 2026 ibi
1944 1997 2002 2026 fuit
2018 2007 2086 2026 cum
2103 2007 2185 2035 prae—

1210 2042 1298 2072 dictis
1315 2042 1394 2071 card.
1414 2046 1444 2071 et
1461 2042 1524 2071 aliis
1542 2052 1635 2081 usque
1652 2042 1690 2071 ad
1707 2042 1786 2071 diem
1805 2042 1824 2071 J
1827 2041 1890 2070 ovis
1909 2043 1944 2070 18
1963 2041 2044 2075 Julii,
2064 2051 2122 2079 qua
2139 2040 2187 2069 die

1211 2087 1295 2116 venit
1313 2086 1458 2116 Narniam
1477 2090 1507 2115 et
1526 2086 1689 2122 successive
1707 2086 1754 2115 die
1774 2087 1807 2115 21
1828 2086 1903 2124 Aug.
1924 2085 1980 2114 ivit
1998 2085 2036 2114 ad
2055 2085 2186 2123 Aquam-

1213 2135 1347 2170 spartam
1369 2135 1399 2160 et
1420 2130 1467 2159 die
1489 2132 1525 2159 22
1553 2154 1558 2159 .
1582 2153 1588 2159 .
1612 2154 1618 2159 .
1645 2134 1676 2159 et
1696 2130 1743 2159 die
1765 2131 1801 2159 23
1822 2129 1860 2158 ad
1881 2129 2035 2164 Assisium,
2058 2129 2109 2158 ubi
2130 2128 2188 2157 fuit

1212 2186 1306 2214 usque
1322 2175 1360 2204 ad
1376 2175 1455 2204 diem
1471 2176 1506 2204 27
1523 2175 1608 2212 Aug.,
1636 2185 1695 2213 qua
1719 2174 1766 2203 die
1791 2184 1858 2203 cum
1879 2173 1966 2202 dictis
1982 2173 2060 2202 card.
2078 2177 2108 2202 et
2124 2172 2188 2201 aliis

1213 2223 1244 2249 et
1264 2219 1345 2248 curia
1366 2219 1450 2248 venit
1470 2218 1655 2257 Fulgineum.
1696 2219 1728 2247 L.
1751 2228 1775 2247 c.
2210 2217 2265 2245 352

1290 2263 1313 2292 J
1316 2263 1374 2292 ulii
1387 2263 1424 2292 22
1451 2262 1498 2291 die
1515 2263 1533 2292 J
1537 2262 1600 2291 ovis
1616 2263 1660 2300 (ἓ)
1676 2262 1740 2291 Phi.
1765 2272 1809 2300 ep.
1826 2262 1966 2291 Portuen.
1990 2261 2069 2290 card.
2094 2261 2190 2290 Bono-

1215 2307 1324 2336 niensis
1344 2317 1475 2345 nuncup.
1497 2307 1578 2345 apud
1599 2306 1833 2344 Balneoregium,
1855 2305 1907 2334 ubi
1927 2309 1991 2334 erat
2012 2305 2189 2343 hospitatus,

1215 2356 1250 2381 ut
1260 2355 1433 2390 sequeretur
1445 2351 1602 2380 Summum
1612 2351 1710 2385 Pont.,
1721 2350 1800 2379 diem
1810 2350 1890 2379 vitae
1900 2360 1971 2379 suae
1980 2349 2087 2378 clausit
2096 2353 2191 2378 extre-

1216 2406 1312 2430 mum;
1335 2395 1420 2434 cujus
1442 2405 1468 2424 a.
1491 2405 1514 2424 r.
1537 2395 1555 2424 i.
1578 2405 1617 2433 p.,
1641 2394 1710 2433 quia
1732 2394 1863 2433 optimus
1884 2393 2011 2432 pater.*)
2054 2393 2086 2422 L.
2109 2403 2133 2421 ο.
2212 2393 2267 2422 353

1292 2439 1373 2468 Juliz'
1393 2439 1431 2468 24
1465 2439 1492 2468 S.
1516 2439 1548 2468 P.
1571 2438 1601 2467 in
1623 2438 1796 2468 consistorio
1818 2438 1947 2467 Narniae
1968 2441 2053 2467 motu
2074 2436 2192 2475 proprio

1217 2483 1347 2512 absolvit
1374 2483 1411 2512 R.
1440 2483 1719 2512 Vicecancellarium
1747 2493 1764 2511 a
1791 2482 1919 2517 vinculo,
1948 2491 2008 2520 quo
2034 2481 2193 2510 tenebatur

1218 2527 1356 2557 ecclesiae
1373 2527 1529 2562 Albanen.,
1547 2531 1578 2556 et
1594 2527 1721 2556 eundem
1738 2526 1893 2556 transtulit
1909 2526 1948 2555 ad
1965 2525 2033 2554 eccl.
2052 2526 2191 2554 Portuen.

1218 2582 1283 2600 vac.
1311 2582 1363 2610 per
1389 2571 1437 2600 ob.
1465 2571 1529 2600 Phi.
1558 2571 1637 2600 card.
1666 2570 1869 2605 Bononiensis,
1897 2569 1995 2599 ultimi
2021 2569 2098 2598 illius
2124 2568 2192 2598 eccl.

1290 2664 1317 2696 ⁸¹)
1336 2664 1402 2689 Dies
1417 2663 1450 2688 22
1467 2662 1535 2689 Julii
1550 2671 1574 2688 a.
1594 2663 1661 2689 1476
1676 2670 1731 2687 non
1746 2662 1774 2687 in
1789 2661 1862 2687 diem
1879 2661 1967 2691 Jovis,
1983 2660 2031 2686 sed
2047 2661 2074 2686 in
2089 2660 2162 2685 diem
2177 2659 2272 2686 Lunae

1222 2708 1328 2738 incidit,
1353 2715 1438 2741 quare
1452 2707 1496 2732 ille
1510 2706 1583 2732 card.
1599 2706 1643 2732 die
1658 2706 1737 2732 Jovis
1754 2707 1785 2732 18
1801 2705 1868 2732 Julii
1883 2705 1981 2730 obiisse
1995 2707 2024 2730 et
2037 2704 2151 2730 nuntius
2165 2703 2199 2729 de
2212 2703 2272 2736 ejus

1226 2752 1305 2778 obitu
1320 2752 1364 2778 die
1375 2752 1408 2777 22
1420 2751 1488 2777 Julii
1498 2751 1534 2777 ad
1550 2750 1639 2776 locum
1655 2751 1727 2776 inter
1737 2750 1847 2784 Aquam
1857 2752 1980 2783 spartam
1993 2751 2021 2775 et
2032 2748 2166 2774 Assisium
2178 2748 2272 2779 situm,

1223 2805 1240 2822 a
1264 2796 1442 2829 Balneoregio
1465 2795 1630 2828 (Bagnorea)
1647 2794 1743 2820 itinere
1766 2794 1863 2819 saltem
1879 2794 1895 2818 2
1912 2793 2018 2818 dierum
2039 2792 2198 2823 distantem,
2225 2791 2273 2818 ubi

1221 2842 1287 2866 tunc
1311 2840 1336 2866 S.
1360 2840 1389 2866 P.
1412 2839 1538 2873 degebat,
1560 2838 1660 2864 allatus
1681 2847 1738 2863 esse
1759 2837 1880 2863 videtur:
1908 2837 1936 2862 id
1959 2836 2033 2870 quod
2056 2844 2088 2862 eo
2103 2836 2190 2870 magis
2204 2836 2272 2862 veri-

1221 2884 1307 2910 simile
1331 2887 1382 2914 est,
1409 2883 1484 2917 quod
1509 2883 1566 2916 jam
1591 2882 1634 2908 die
1659 2883 1693 2907 24
1718 2882 1785 2908 Julii
1810 2881 1846 2907 ad
1870 2882 2059 2915 episcopatum
2086 2880 2273 2911 Portuensem,

1222 2937 1303 2962 quem
1331 2927 1476 2954 cardinalis
1501 2926 1649 2952 defunctus
1675 2925 1842 2960 possidebat,
1862 2925 1932 2951 alius
1950 2924 2023 2950 card.
2043 2924 2215 2950 transfertur.
