<?xml version="1.0" encoding="UTF-8"?>
<!DOCTYPE html PUBLIC "-//W3C//DTD XHTML 1.0 Transitional//EN"
    "http://www.w3.org/TR/xhtml1/DTD/xhtml1-transitional.dtd">
<html xmlns="http://www.w3.org/1999/xhtml" xml:lang="en" lang="en">
 <head>
  <title>
</title>
<meta http-equiv="Content-Type" content="text/html;charset=utf-8" />
  <meta name='ocr-system' content='tesseract 3.04.00' />
  <meta name='ocr-capabilities' content='ocr_page ocr_carea ocr_par ocr_line ocrx_word'/>
</head>
<body>
  <div class='ocr_page' id='page_1' title='image "./hierarchiacathol02eubeuoft/hierarchiacathol02eubeuoft_0013.png"; bbox 0 0 2436 3328; ppageno 0'>
   <div class='ocr_carea' id='block_1_1' title="bbox 279 879 303 914">
    <p class='ocr_par' dir='ltr' id='par_1_1' title="bbox 279 879 303 914">
     <span class='ocr_line' id='line_1_1' title="bbox 279 879 303 914; baseline 0 0"><span class='ocrx_word' id='word_1_1' title='bbox 279 879 303 914; x_wconf 80' lang='lat' dir='ltr'><strong>I,</strong></span> 
     </span>
    </p>
   </div>
   <div class='ocr_carea' id='block_1_2' title="bbox 409 450 2002 599">
    <p class='ocr_par' dir='ltr' id='par_1_2' title="bbox 409 450 2002 599">
     <span class='ocr_line' id='line_1_2' title="bbox 599 450 1809 511; baseline 0.011 -13"><span class='ocrx_word' id='word_1_2' title='bbox 599 450 858 501; x_wconf 88' lang='lat' dir='ltr'><strong>Addenda</strong></span> <span class='ocrx_word' id='word_1_3' title='bbox 895 456 949 501; x_wconf 85' lang='lat' dir='ltr'><strong>et</strong></span> <span class='ocrx_word' id='word_1_4' title='bbox 986 454 1313 504; x_wconf 85' lang='lat' dir='ltr'><strong>emendanda</strong></span> <span class='ocrx_word' id='word_1_5' title='bbox 1350 456 1416 505; x_wconf 87' lang='lat' dir='ltr'><strong>ad</strong></span> <span class='ocrx_word' id='word_1_6' title='bbox 1454 458 1702 510; x_wconf 87' lang='lat' dir='ltr'><strong>volumen</strong></span> <span class='ocrx_word' id='word_1_7' title='bbox 1741 460 1809 511; x_wconf 83' lang='lat'><strong>1².</strong></span> 
     </span>
     <span class='ocr_line' id='line_1_3' title="bbox 409 544 2002 599; baseline 0.009 -25"><span class='ocrx_word' id='word_1_8' title='bbox 409 544 516 575; x_wconf 71' lang='lat' dir='ltr'><strong>Ia&#39;ttera</strong></span> <span class='ocrx_word' id='word_1_9' title='bbox 540 546 586 582; x_wconf 89' lang='grc' dir='ltr'><strong>Ρ.,</strong></span> <span class='ocrx_word' id='word_1_10' title='bbox 610 556 682 585; x_wconf 76' lang='lat' dir='ltr'><strong>quae</strong></span> <span class='ocrx_word' id='word_1_11' title='bbox 704 547 778 577; x_wconf 73' lang='lat' dir='ltr'><strong>inter</strong></span> <span class='ocrx_word' id='word_1_12' title='bbox 799 547 892 583; x_wconf 77' lang='lat' dir='ltr'><strong>sontes</strong></span> <span class='ocrx_word' id='word_1_13' title='bbox 915 549 1086 587; x_wconf 73' lang='lat' dir='ltr'><em>saepissime</em></span> <span class='ocrx_word' id='word_1_14' title='bbox 1108 550 1239 587; x_wconf 75' lang='lat' dir='ltr'><strong>occurrit,</strong></span> <span class='ocrx_word' id='word_1_15' title='bbox 1263 551 1431 590; x_wconf 65' lang='lat' dir='ltr'><strong>siqnisrlcat:</strong></span> <span class='ocrx_word' id='word_1_16' title='bbox 1455 554 1599 584; x_wconf 81' lang='lat' dir='ltr'><strong>Potthast</strong></span> <span class='ocrx_word' id='word_1_17' title='bbox 1621 555 1763 594; x_wconf 86' lang='lat' dir='ltr'><strong>(Regesta</strong></span> <span class='ocrx_word' id='word_1_18' title='bbox 1786 558 1875 588; x_wconf 85' lang='lat' dir='ltr'><strong>Rom.</strong></span> <span class='ocrx_word' id='word_1_19' title='bbox 1901 560 2002 599; x_wconf 84' lang='lat' dir='ltr'><strong>Pont.)</strong></span> 
     </span>
    </p>
   </div>
   <div class='ocr_carea' id='block_1_3' title="bbox 1097 647 1309 656">
    <p class='ocr_par' dir='ltr' id='par_1_3' title="bbox 1097 647 1309 656">
     <span class='ocr_line' id='line_1_4' title="bbox 1097 647 1309 656; baseline 0 2672"><span class='ocrx_word' id='word_1_20' title='bbox 1097 647 1309 656; x_wconf 95' lang='lat' dir='ltr'><strong> </strong></span> 
     </span>
    </p>
   </div>
   <div class='ocr_carea' id='block_1_4' title="bbox 365 731 865 764">
    <p class='ocr_par' dir='ltr' id='par_1_4' title="bbox 365 731 865 764">
     <span class='ocr_line' id='line_1_5' title="bbox 365 731 865 764; baseline 0.006 -4"><span class='ocrx_word' id='word_1_21' title='bbox 365 731 389 760; x_wconf 88' lang='lat'><strong>1.</strong></span> <span class='ocrx_word' id='word_1_22' title='bbox 432 731 460 761; x_wconf 83' lang='lat' dir='ltr'><strong>S.</strong></span> <span class='ocrx_word' id='word_1_23' title='bbox 481 732 517 761; x_wconf 81' lang='lat' dir='ltr'><strong>R.</strong></span> <span class='ocrx_word' id='word_1_24' title='bbox 538 733 572 762; x_wconf 82' lang='grc' dir='ltr'><strong>Ε.</strong></span> <span class='ocrx_word' id='word_1_25' title='bbox 594 732 865 764; x_wconf 77' lang='lat' dir='ltr'><strong>cardinales.</strong></span> 
     </span>
    </p>
   </div>
   <div class='ocr_carea' id='block_1_5' title="bbox 362 882 378 910">
    <p class='ocr_par' dir='ltr' id='par_1_5' title="bbox 362 882 378 910">
     <span class='ocr_line' id='line_1_6' title="bbox 362 882 378 910; baseline 0 0"><span class='ocrx_word' id='word_1_26' title='bbox 362 882 378 910; x_wconf 87' lang='grc'>7</span> 
     </span>
    </p>
   </div>
   <div class='ocr_carea' id='block_1_6' title="bbox 289 969 374 1002">
    <p class='ocr_par' dir='ltr' id='par_1_6' title="bbox 289 969 374 1002">
     <span class='ocr_line' id='line_1_7' title="bbox 289 969 374 1002; baseline 0.012 -6"><span class='ocrx_word' id='word_1_27' title='bbox 289 990 296 1002; x_wconf 94' lang='grc'><strong>,</strong></span> <span class='ocrx_word' id='word_1_28' title='bbox 355 969 374 997; x_wconf 91' lang='grc'>8</span> 
     </span>
    </p>
   </div>
   <div class='ocr_carea' id='block_1_7' title="bbox 276 1056 372 1090">
    <p class='ocr_par' dir='ltr' id='par_1_7' title="bbox 276 1056 372 1090">
     <span class='ocr_line' id='line_1_8' title="bbox 276 1056 372 1090; baseline 0.01 -7"><span class='ocrx_word' id='word_1_29' title='bbox 276 1078 294 1090; x_wconf 92' lang='grc'><strong>,,</strong></span> <span class='ocrx_word' id='word_1_30' title='bbox 337 1056 372 1084; x_wconf 88' lang='grc'><strong>12</strong></span> 
     </span>
    </p>
   </div>
   <div class='ocr_carea' id='block_1_8' title="bbox 265 2032 361 2066">
    <p class='ocr_par' dir='ltr' id='par_1_8' title="bbox 265 2032 361 2066">
     <span class='ocr_line' id='line_1_9' title="bbox 265 2032 361 2066; baseline 0.021 -6"><span class='ocrx_word' id='word_1_31' title='bbox 265 2053 284 2066; x_wconf 85' lang='grc'><strong>,,</strong></span> <span class='ocrx_word' id='word_1_32' title='bbox 325 2032 361 2062; x_wconf 93' lang='grc'><strong>13</strong></span> 
     </span>
    </p>
   </div>
   <div class='ocr_carea' id='block_1_9' title="bbox 265 2121 359 2154">
    <p class='ocr_par' dir='ltr' id='par_1_9' title="bbox 265 2121 359 2154">
     <span class='ocr_line' id='line_1_10' title="bbox 265 2121 359 2154; baseline 0.032 -6"><span class='ocrx_word' id='word_1_33' title='bbox 265 2142 283 2154; x_wconf 91' lang='grc'><strong>,,</strong></span> <span class='ocrx_word' id='word_1_34' title='bbox 325 2121 359 2151; x_wconf 92' lang='lat'><strong>17</strong></span> 
     </span>
    </p>
   </div>
   <div class='ocr_carea' id='block_1_10' title="bbox 261 2430 358 2463">
    <p class='ocr_par' dir='ltr' id='par_1_10' title="bbox 261 2430 358 2463">
     <span class='ocr_line' id='line_1_11' title="bbox 261 2430 358 2463; baseline 0.021 -6"><span class='ocrx_word' id='word_1_35' title='bbox 261 2450 279 2463; x_wconf 91' lang='lat'><strong>„</strong></span> <span class='ocrx_word' id='word_1_36' title='bbox 320 2430 358 2459; x_wconf 86' lang='lat'><strong>20</strong></span> 
     </span>
    </p>
   </div>
   <div class='ocr_carea' id='block_1_11' title="bbox 260 2518 353 2551">
    <p class='ocr_par' dir='ltr' id='par_1_11' title="bbox 260 2518 353 2551">
     <span class='ocr_line' id='line_1_12' title="bbox 260 2518 353 2551; baseline 0.032 -6"><span class='ocrx_word' id='word_1_37' title='bbox 260 2539 278 2551; x_wconf 91' lang='lat'><strong>,‚</strong></span> <span class='ocrx_word' id='word_1_38' title='bbox 318 2518 353 2548; x_wconf 88' lang='lat'><strong>21</strong></span> 
     </span>
    </p>
   </div>
   <div class='ocr_carea' id='block_1_12' title="bbox 255 2826 352 2947">
    <p class='ocr_par' dir='ltr' id='par_1_12' title="bbox 255 2826 352 2947">
     <span class='ocr_line' id='line_1_13' title="bbox 257 2826 352 2859; baseline 0.021 -5"><span class='ocrx_word' id='word_1_39' title='bbox 257 2847 275 2859; x_wconf 90' lang='lat'><strong>‚,</strong></span> <span class='ocrx_word' id='word_1_40' title='bbox 315 2826 352 2856; x_wconf 84' lang='grc'><strong>25</strong></span> 
     </span>
     <span class='ocr_line' id='line_1_14' title="bbox 255 2914 350 2947; baseline 0.032 -5"><span class='ocrx_word' id='word_1_41' title='bbox 255 2935 273 2947; x_wconf 92' lang='grc'><strong>,,</strong></span> <span class='ocrx_word' id='word_1_42' title='bbox 314 2914 350 2945; x_wconf 87' lang='grc'><strong>27</strong></span> 
     </span>
    </p>
   </div>
   <div class='ocr_carea' id='block_1_13' title="bbox 431 810 817 850">
    <p class='ocr_par' dir='ltr' id='par_1_13' title="bbox 431 810 817 850">
     <span class='ocr_line' id='line_1_15' title="bbox 431 810 817 850; baseline 0.008 -11"><span class='ocrx_word' id='word_1_43' title='bbox 431 811 459 846; x_wconf 93' lang='grc'><strong>1)</strong></span> <span class='ocrx_word' id='word_1_44' title='bbox 489 810 596 840; x_wconf 77' lang='lat' dir='ltr'><em>Ordine</em></span> <span class='ocrx_word' id='word_1_45' title='bbox 615 811 817 850; x_wconf 74' lang='lat' dir='ltr'><strong>chronoloqico.</strong></span> 
     </span>
    </p>
   </div>
   <div class='ocr_carea' id='block_1_14' title="bbox 431 872 1195 922">
    <p class='ocr_par' dir='ltr' id='par_1_14' title="bbox 431 872 1195 922">
     <span class='ocr_line' id='line_1_16' title="bbox 431 872 1195 922; baseline 0.012 -13"><span class='ocrx_word' id='word_1_46' title='bbox 431 880 451 909; x_wconf 89' lang='lat' dir='ltr'>J</span> <span class='ocrx_word' id='word_1_47' title='bbox 463 891 480 909; x_wconf 96' lang='grc' dir='ltr'><strong>ο</strong></span> <span class='ocrx_word' id='word_1_48' title='bbox 492 891 510 909; x_wconf 86' lang='lat' dir='ltr'><strong>a</strong></span> <span class='ocrx_word' id='word_1_49' title='bbox 522 891 542 910; x_wconf 92' lang='lat' dir='ltr'><strong>n</strong></span> <span class='ocrx_word' id='word_1_50' title='bbox 554 891 574 910; x_wconf 89' lang='lat' dir='ltr'><strong>n</strong></span> <span class='ocrx_word' id='word_1_51' title='bbox 586 892 601 910; x_wconf 92' lang='lat' dir='ltr'><strong>e</strong></span> <span class='ocrx_word' id='word_1_52' title='bbox 613 892 627 911; x_wconf 89' lang='lat' dir='ltr'><strong>s</strong></span> <span class='ocrx_word' id='word_1_53' title='bbox 646 892 661 911; x_wconf 91' lang='lat' dir='ltr'><strong>e</strong></span> <span class='ocrx_word' id='word_1_54' title='bbox 680 893 755 912; x_wconf 92' lang='lat' dir='ltr'><strong>com.</strong></span> <span class='ocrx_word' id='word_1_55' title='bbox 779 883 896 922; x_wconf 82' lang='lat' dir='ltr'>Signiae</span> <span class='ocrx_word' id='word_1_56' title='bbox 915 890 979 915; x_wconf 90' lang='lat' dir='ltr'><strong>erat</strong></span> <span class='ocrx_word' id='word_1_57' title='bbox 1001 886 1028 916; x_wconf 89' lang='lat' dir='ltr'><strong>S.</strong></span> <span class='ocrx_word' id='word_1_58' title='bbox 1050 888 1086 917; x_wconf 90' lang='lat' dir='ltr'><strong>R.</strong></span> <span class='ocrx_word' id='word_1_59' title='bbox 1108 889 1142 918; x_wconf 86' lang='grc' dir='ltr'><strong>Ε.</strong></span> <span class='ocrx_word' id='word_1_60' title='bbox 1193 872 1195 883; x_wconf 40' lang='lat'><em>³</em></span> 
     </span>
    </p>
   </div>
   <div class='ocr_carea' id='block_1_15' title="bbox 403 925 1141 3010">
    <p class='ocr_par' dir='ltr' id='par_1_15' title="bbox 430 925 630 955">
     <span class='ocr_line' id='line_1_17' title="bbox 430 925 630 955; baseline 0.01 -2"><span class='ocrx_word' id='word_1_61' title='bbox 430 925 630 955; x_wconf 83' lang='lat' dir='ltr'><strong>cancellarius.</strong></span> 
     </span>
    </p>

    <p class='ocr_par' dir='ltr' id='par_1_16' title="bbox 426 968 1141 1056">
     <span class='ocr_line' id='line_1_18' title="bbox 426 968 1141 1014; baseline 0.013 -17"><span class='ocrx_word' id='word_1_62' title='bbox 426 968 641 999; x_wconf 85' lang='lat' dir='ltr'><strong>Nicolaus</strong></span> <span class='ocrx_word' id='word_1_63' title='bbox 668 971 705 1000; x_wconf 90' lang='lat' dir='ltr'><strong>de</strong></span> <span class='ocrx_word' id='word_1_64' title='bbox 733 972 878 1002; x_wconf 87' lang='lat' dir='ltr'><strong>Romanis</strong></span> <span class='ocrx_word' id='word_1_65' title='bbox 906 973 943 1003; x_wconf 87' lang='lat' dir='ltr'><strong>fit</strong></span> <span class='ocrx_word' id='word_1_66' title='bbox 971 975 1085 1014; x_wconf 87' lang='lat' dir='ltr'><strong>legatus</strong></span> <span class='ocrx_word' id='word_1_67' title='bbox 1113 977 1141 1005; x_wconf 93' lang='lat' dir='ltr'><strong>in</strong></span> 
     </span>
     <span class='ocr_line' id='line_1_19' title="bbox 427 1012 1000 1056; baseline 0.012 -15"><span class='ocrx_word' id='word_1_68' title='bbox 427 1012 534 1051; x_wconf 88' lang='lat' dir='ltr'><strong>Anglia</strong></span> <span class='ocrx_word' id='word_1_69' title='bbox 557 1015 630 1044; x_wconf 88' lang='grc'><strong>1213</strong></span> <span class='ocrx_word' id='word_1_70' title='bbox 653 1015 714 1044; x_wconf 88' lang='lat' dir='ltr'><strong>Jul.</strong></span> <span class='ocrx_word' id='word_1_71' title='bbox 737 1018 754 1045; x_wconf 89' lang='grc'>5</span> <span class='ocrx_word' id='word_1_72' title='bbox 777 1017 821 1053; x_wconf 89' lang='grc' dir='ltr'><strong>(Ρ.</strong></span> <span class='ocrx_word' id='word_1_73' title='bbox 844 1019 918 1048; x_wconf 88' lang='grc'><strong>4774</strong></span> <span class='ocrx_word' id='word_1_74' title='bbox 940 1021 1000 1056; x_wconf 86' lang='lat' dir='ltr'><strong>ss.).</strong></span> 
     </span>
    </p>

    <p class='ocr_par' dir='ltr' id='par_1_17' title="bbox 413 1056 1141 2418">
     <span class='ocr_line' id='line_1_20' title="bbox 425 1056 1141 1095; baseline 0.014 -10"><span class='ocrx_word' id='word_1_75' title='bbox 425 1056 446 1086; x_wconf 88' lang='lat' dir='ltr'>J</span> <span class='ocrx_word' id='word_1_76' title='bbox 458 1067 476 1086; x_wconf 93' lang='lat' dir='ltr'><strong>o</strong></span> <span class='ocrx_word' id='word_1_77' title='bbox 488 1067 505 1086; x_wconf 87' lang='lat' dir='ltr'><strong>a</strong></span> <span class='ocrx_word' id='word_1_78' title='bbox 518 1068 537 1086; x_wconf 93' lang='lat' dir='ltr'><strong>n</strong></span> <span class='ocrx_word' id='word_1_79' title='bbox 549 1068 569 1086; x_wconf 90' lang='lat' dir='ltr'><strong>n</strong></span> <span class='ocrx_word' id='word_1_80' title='bbox 582 1069 597 1087; x_wconf 88' lang='lat' dir='ltr'><strong>e</strong></span> <span class='ocrx_word' id='word_1_81' title='bbox 609 1069 623 1088; x_wconf 89' lang='lat' dir='ltr'><strong>s</strong></span> <span class='ocrx_word' id='word_1_82' title='bbox 652 1069 674 1088; x_wconf 89' lang='lat' dir='ltr'><strong>s.</strong></span> <span class='ocrx_word' id='word_1_83' title='bbox 696 1060 807 1090; x_wconf 86' lang='lat' dir='ltr'><strong>Mariae</strong></span> <span class='ocrx_word' id='word_1_84' title='bbox 826 1061 856 1090; x_wconf 91' lang='lat' dir='ltr'><strong>in</strong></span> <span class='ocrx_word' id='word_1_85' title='bbox 876 1072 904 1091; x_wconf 92' lang='lat' dir='ltr'><strong>v.</strong></span> <span class='ocrx_word' id='word_1_86' title='bbox 926 1063 943 1092; x_wconf 95' lang='lat' dir='ltr'><strong>l.</strong></span> <span class='ocrx_word' id='word_1_87' title='bbox 964 1063 1039 1093; x_wconf 90' lang='lat' dir='ltr'><strong>diac.</strong></span> <span class='ocrx_word' id='word_1_88' title='bbox 1060 1065 1141 1095; x_wconf 87' lang='lat' dir='ltr'><strong>card.</strong></span> 
     </span>
     <span class='ocr_line' id='line_1_21' title="bbox 426 1103 1141 1138; baseline 0.014 -9"><span class='ocrx_word' id='word_1_89' title='bbox 426 1105 492 1130; x_wconf 85' lang='lat' dir='ltr'><strong>erat</strong></span> <span class='ocrx_word' id='word_1_90' title='bbox 512 1106 603 1131; x_wconf 85' lang='lat' dir='ltr'><strong>antea</strong></span> <span class='ocrx_word' id='word_1_91' title='bbox 627 1103 654 1132; x_wconf 87' lang='lat' dir='ltr'><strong>S.</strong></span> <span class='ocrx_word' id='word_1_92' title='bbox 679 1104 715 1133; x_wconf 88' lang='lat' dir='ltr'><strong>R.</strong></span> <span class='ocrx_word' id='word_1_93' title='bbox 740 1105 774 1134; x_wconf 83' lang='lat' dir='ltr'><strong>E.</strong></span> <span class='ocrx_word' id='word_1_94' title='bbox 798 1106 930 1136; x_wconf 87' lang='lat' dir='ltr'><strong>subdiac.</strong></span> <span class='ocrx_word' id='word_1_95' title='bbox 954 1111 985 1136; x_wconf 89' lang='lat' dir='ltr'><strong>et</strong></span> <span class='ocrx_word' id='word_1_96' title='bbox 1006 1109 1141 1138; x_wconf 84' lang='lat' dir='ltr'><strong>notarius</strong></span> 
     </span>
     <span class='ocr_line' id='line_1_22' title="bbox 426 1147 1141 1184; baseline 0.014 -11"><span class='ocrx_word' id='word_1_97' title='bbox 426 1148 518 1184; x_wconf 88' lang='lat' dir='ltr'><strong>atque</strong></span> <span class='ocrx_word' id='word_1_98' title='bbox 535 1150 570 1175; x_wconf 88' lang='lat' dir='ltr'><strong>ut</strong></span> <span class='ocrx_word' id='word_1_99' title='bbox 587 1147 655 1176; x_wconf 83' lang='lat' dir='ltr'><strong>talis</strong></span> <span class='ocrx_word' id='word_1_100' title='bbox 672 1148 833 1179; x_wconf 78' lang='lat' dir='ltr'><strong>subscribit</strong></span> <span class='ocrx_word' id='word_1_101' title='bbox 852 1151 925 1180; x_wconf 90' lang='lat'>1203</span> <span class='ocrx_word' id='word_1_102' title='bbox 942 1152 1031 1182; x_wconf 88' lang='lat' dir='ltr'><strong>Mart.</strong></span> <span class='ocrx_word' id='word_1_103' title='bbox 1050 1155 1087 1183; x_wconf 85' lang='lat'><strong>23</strong></span> <span class='ocrx_word' id='word_1_104' title='bbox 1103 1171 1141 1175; x_wconf 74' lang='lat'>—</span> 
     </span>
     <span class='ocr_line' id='line_1_23' title="bbox 427 1190 1139 1231; baseline 0.013 -13"><span class='ocrx_word' id='word_1_105' title='bbox 427 1190 500 1219; x_wconf 86' lang='lat'><strong>1204</strong></span> <span class='ocrx_word' id='word_1_106' title='bbox 526 1191 597 1220; x_wconf 94' lang='lat' dir='ltr'><strong>Dec.</strong></span> <span class='ocrx_word' id='word_1_107' title='bbox 625 1193 656 1227; x_wconf 87' lang='lat'><strong>2;</strong></span> <span class='ocrx_word' id='word_1_108' title='bbox 683 1197 793 1231; x_wconf 87' lang='lat' dir='ltr'><strong>postm.</strong></span> <span class='ocrx_word' id='word_1_109' title='bbox 822 1194 858 1223; x_wconf 82' lang='lat' dir='ltr'><strong>fit</strong></span> <span class='ocrx_word' id='word_1_110' title='bbox 887 1195 914 1224; x_wconf 91' lang='lat' dir='ltr'><strong>S.</strong></span> <span class='ocrx_word' id='word_1_111' title='bbox 943 1196 980 1225; x_wconf 92' lang='lat' dir='ltr'><strong>R.</strong></span> <span class='ocrx_word' id='word_1_112' title='bbox 1008 1197 1042 1226; x_wconf 85' lang='lat' dir='ltr'><strong>E.</strong></span> <span class='ocrx_word' id='word_1_113' title='bbox 1071 1208 1139 1227; x_wconf 90' lang='lat' dir='ltr'><strong>can-</strong></span> 
     </span>
     <span class='ocr_line' id='line_1_24' title="bbox 425 1234 1139 1279; baseline 0.013 -16"><span class='ocrx_word' id='word_1_114' title='bbox 425 1234 568 1264; x_wconf 83' lang='lat' dir='ltr'><strong>cellarius.</strong></span> <span class='ocrx_word' id='word_1_115' title='bbox 599 1236 682 1266; x_wconf 88' lang='lat' dir='ltr'><strong>Inter</strong></span> <span class='ocrx_word' id='word_1_116' title='bbox 711 1238 884 1274; x_wconf 76' lang='lat' dir='ltr'><strong>cardinales,</strong></span> <span class='ocrx_word' id='word_1_117' title='bbox 924 1241 977 1279; x_wconf 86' lang='lat' dir='ltr'><strong>qui</strong></span> <span class='ocrx_word' id='word_1_118' title='bbox 1015 1242 1139 1272; x_wconf 88' lang='lat' dir='ltr'><strong>concilio</strong></span> 
     </span>
     <span class='ocr_line' id='line_1_25' title="bbox 425 1277 1136 1324; baseline 0.014 -17"><span class='ocrx_word' id='word_1_119' title='bbox 425 1277 564 1308; x_wconf 82' lang='lat' dir='ltr'><strong>Lateran.</strong></span> <span class='ocrx_word' id='word_1_120' title='bbox 607 1282 693 1318; x_wconf 91' lang='grc'><strong>(1215</strong></span> <span class='ocrx_word' id='word_1_121' title='bbox 714 1281 792 1312; x_wconf 83' lang='grc' dir='ltr'><strong>Νον.</strong></span> <span class='ocrx_word' id='word_1_122' title='bbox 814 1300 854 1305; x_wconf 90' lang='grc'><strong>-</strong></span> <span class='ocrx_word' id='word_1_123' title='bbox 874 1285 948 1314; x_wconf 85' lang='grc'><strong>1216</strong></span> <span class='ocrx_word' id='word_1_124' title='bbox 969 1285 1069 1324; x_wconf 85' lang='lat' dir='ltr'><strong>Febr.)</strong></span> <span class='ocrx_word' id='word_1_125' title='bbox 1092 1287 1136 1316; x_wconf 91' lang='lat' dir='ltr'><strong>in—</strong></span> 
     </span>
     <span class='ocr_line' id='line_1_26' title="bbox 426 1326 1136 1368; baseline 0.014 -17"><span class='ocrx_word' id='word_1_126' title='bbox 426 1326 566 1359; x_wconf 87' lang='lat' dir='ltr'><strong>tererant,</strong></span> <span class='ocrx_word' id='word_1_127' title='bbox 600 1335 660 1354; x_wconf 93' lang='lat' dir='ltr'><strong>non</strong></span> <span class='ocrx_word' id='word_1_128' title='bbox 681 1331 883 1363; x_wconf 83' lang='lat' dir='ltr'><strong>enumeratur,</strong></span> <span class='ocrx_word' id='word_1_129' title='bbox 927 1339 1020 1368; x_wconf 92' lang='lat' dir='ltr'><strong>quare</strong></span> <span class='ocrx_word' id='word_1_130' title='bbox 1063 1335 1136 1361; x_wconf 82' lang='lat' dir='ltr'><strong>tunc</strong></span> 
     </span>
     <span class='ocr_line' id='line_1_27' title="bbox 421 1366 1134 1406; baseline 0.014 -10"><span class='ocrx_word' id='word_1_131' title='bbox 421 1366 485 1406; x_wconf 87' lang='lat' dir='ltr'><strong>jam</strong></span> <span class='ocrx_word' id='word_1_132' title='bbox 506 1372 642 1399; x_wconf 89' lang='lat' dir='ltr'><strong>mortuus</strong></span> <span class='ocrx_word' id='word_1_133' title='bbox 671 1375 725 1400; x_wconf 87' lang='lat' dir='ltr'><strong>aut</strong></span> <span class='ocrx_word' id='word_1_134' title='bbox 750 1372 857 1402; x_wconf 86' lang='lat' dir='ltr'><strong>saltem</strong></span> <span class='ocrx_word' id='word_1_135' title='bbox 878 1373 966 1403; x_wconf 83' lang='lat' dir='ltr'><strong>valde</strong></span> <span class='ocrx_word' id='word_1_136' title='bbox 996 1375 1134 1406; x_wconf 87' lang='lat' dir='ltr'><strong>infirmus</strong></span> 
     </span>
     <span class='ocr_line' id='line_1_28' title="bbox 422 1412 1134 1458; baseline 0.014 -18"><span class='ocrx_word' id='word_1_137' title='bbox 422 1416 499 1448; x_wconf 84' lang='lat' dir='ltr'><strong>erat;</strong></span> <span class='ocrx_word' id='word_1_138' title='bbox 520 1412 563 1442; x_wconf 86' lang='lat' dir='ltr'><strong>illi</strong></span> <span class='ocrx_word' id='word_1_139' title='bbox 580 1415 639 1452; x_wconf 88' lang='grc'><strong>(19)</strong></span> <span class='ocrx_word' id='word_1_140' title='bbox 662 1415 741 1444; x_wconf 86' lang='lat' dir='ltr'><strong>card.</strong></span> <span class='ocrx_word' id='word_1_141' title='bbox 764 1420 848 1447; x_wconf 89' lang='lat' dir='ltr'><strong>sunt:</strong></span> <span class='ocrx_word' id='word_1_142' title='bbox 871 1417 1036 1458; x_wconf 88' lang='lat' dir='ltr'><strong>(Nicolaus)</strong></span> <span class='ocrx_word' id='word_1_143' title='bbox 1058 1420 1134 1450; x_wconf 86' lang='lat' dir='ltr'><strong>Tus—</strong></span> 
     </span>
     <span class='ocr_line' id='line_1_29' title="bbox 421 1456 1131 1503; baseline 0.014 -18"><span class='ocrx_word' id='word_1_144' title='bbox 421 1456 553 1492; x_wconf 84' lang='lat' dir='ltr'><strong>culanus,</strong></span> <span class='ocrx_word' id='word_1_145' title='bbox 577 1457 701 1497; x_wconf 77' lang='lat' dir='ltr'><strong>(Gujdo)</strong></span> <span class='ocrx_word' id='word_1_146' title='bbox 718 1459 911 1497; x_wconf 78' lang='lat' dir='ltr'><strong>Palestn&#39;nus,</strong></span> <span class='ocrx_word' id='word_1_147' title='bbox 938 1463 1131 1503; x_wconf 86' lang='lat' dir='ltr'><strong>(Hugolinus)</strong></span> 
     </span>
     <span class='ocr_line' id='line_1_30' title="bbox 420 1499 1134 1546; baseline 0.015 -17"><span class='ocrx_word' id='word_1_148' title='bbox 420 1499 574 1537; x_wconf 79' lang='lat' dir='ltr'><strong>Ostiensis,</strong></span> <span class='ocrx_word' id='word_1_149' title='bbox 598 1503 802 1543; x_wconf 77' lang='lat' dir='ltr'><strong>(Benedictus)</strong></span> <span class='ocrx_word' id='word_1_150' title='bbox 824 1506 1007 1543; x_wconf 84' lang='lat' dir='ltr'><strong>Portuensis,</strong></span> <span class='ocrx_word' id='word_1_151' title='bbox 1038 1509 1134 1546; x_wconf 85' lang='lat' dir='ltr'><strong>(Pela-</strong></span> 
     </span>
     <span class='ocr_line' id='line_1_31' title="bbox 420 1545 1132 1590; baseline 0.014 -16"><span class='ocrx_word' id='word_1_152' title='bbox 420 1545 496 1583; x_wconf 84' lang='lat' dir='ltr'><strong>gius)</strong></span> <span class='ocrx_word' id='word_1_153' title='bbox 526 1546 712 1583; x_wconf 84' lang='lat' dir='ltr'><strong>Albanensis,</strong></span> <span class='ocrx_word' id='word_1_154' title='bbox 753 1550 891 1590; x_wconf 84' lang='lat' dir='ltr'><strong>episcopi,</strong></span> <span class='ocrx_word' id='word_1_155' title='bbox 931 1551 1047 1583; x_wconf 85' lang='lat' dir='ltr'><strong>Ointius</strong></span> <span class='ocrx_word' id='word_1_156' title='bbox 1086 1554 1132 1584; x_wconf 81' lang='lat' dir='ltr'><strong>tit.</strong></span> 
     </span>
     <span class='ocr_line' id='line_1_32' title="bbox 420 1589 1132 1629; baseline 0.015 -11"><span class='ocrx_word' id='word_1_157' title='bbox 420 1599 443 1619; x_wconf 90' lang='lat' dir='ltr'><strong>s.</strong></span> <span class='ocrx_word' id='word_1_158' title='bbox 464 1589 553 1620; x_wconf 90' lang='lat' dir='ltr'><strong>Laur.</strong></span> <span class='ocrx_word' id='word_1_159' title='bbox 575 1591 606 1621; x_wconf 91' lang='lat' dir='ltr'><strong>in</strong></span> <span class='ocrx_word' id='word_1_160' title='bbox 625 1592 708 1628; x_wconf 89' lang='lat' dir='ltr'><strong>Luc.‚</strong></span> <span class='ocrx_word' id='word_1_161' title='bbox 739 1593 856 1624; x_wconf 84' lang='lat' dir='ltr'><strong>Cintius</strong></span> <span class='ocrx_word' id='word_1_162' title='bbox 876 1596 923 1626; x_wconf 89' lang='lat' dir='ltr'><strong>tit.</strong></span> <span class='ocrx_word' id='word_1_163' title='bbox 946 1607 983 1627; x_wconf 90' lang='lat' dir='ltr'><strong>ss.</strong></span> <span class='ocrx_word' id='word_1_164' title='bbox 1007 1597 1078 1628; x_wconf 89' lang='lat' dir='ltr'><strong>Joh.</strong></span> <span class='ocrx_word' id='word_1_165' title='bbox 1101 1603 1132 1629; x_wconf 88' lang='lat' dir='ltr'><strong>et</strong></span> 
     </span>
     <span class='ocr_line' id='line_1_33' title="bbox 418 1633 1132 1677; baseline 0.015 -15"><span class='ocrx_word' id='word_1_166' title='bbox 418 1633 514 1670; x_wconf 87' lang='lat' dir='ltr'><strong>Pauli,</strong></span> <span class='ocrx_word' id='word_1_167' title='bbox 535 1635 597 1665; x_wconf 92' lang='lat' dir='ltr'><strong>Leo</strong></span> <span class='ocrx_word' id='word_1_168' title='bbox 617 1636 665 1666; x_wconf 78' lang='lat' dir='ltr'><strong>tit.</strong></span> <span class='ocrx_word' id='word_1_169' title='bbox 688 1648 710 1667; x_wconf 90' lang='lat' dir='ltr'><strong>s.</strong></span> <span class='ocrx_word' id='word_1_170' title='bbox 733 1638 834 1669; x_wconf 84' lang='lat' dir='ltr'><strong>Crucis</strong></span> <span class='ocrx_word' id='word_1_171' title='bbox 854 1639 886 1669; x_wconf 92' lang='lat' dir='ltr'><strong>in</strong></span> <span class='ocrx_word' id='word_1_172' title='bbox 907 1640 1001 1677; x_wconf 68' lang='lat' dir='ltr'><strong>Jher„</strong></span> <span class='ocrx_word' id='word_1_173' title='bbox 1024 1642 1132 1673; x_wconf 88' lang='lat' dir='ltr'><strong>Petrus</strong></span> 
     </span>
     <span class='ocr_line' id='line_1_34' title="bbox 419 1678 1130 1724; baseline 0.014 -17"><span class='ocrx_word' id='word_1_174' title='bbox 419 1678 467 1708; x_wconf 84' lang='lat' dir='ltr'><strong>tit.</strong></span> <span class='ocrx_word' id='word_1_175' title='bbox 485 1690 507 1709; x_wconf 91' lang='lat' dir='ltr'><strong>s.</strong></span> <span class='ocrx_word' id='word_1_176' title='bbox 525 1679 741 1717; x_wconf 84' lang='lat' dir='ltr'><strong>Pudentianae‚</strong></span> <span class='ocrx_word' id='word_1_177' title='bbox 766 1683 863 1714; x_wconf 82' lang='lat' dir='ltr'><strong>Guala</strong></span> <span class='ocrx_word' id='word_1_178' title='bbox 884 1685 931 1715; x_wconf 81' lang='lat' dir='ltr'><strong>tit.</strong></span> <span class='ocrx_word' id='word_1_179' title='bbox 954 1696 976 1715; x_wconf 90' lang='lat' dir='ltr'><strong>s.</strong></span> <span class='ocrx_word' id='word_1_180' title='bbox 998 1686 1130 1724; x_wconf 88' lang='lat' dir='ltr'><strong>Martini,</strong></span> 
     </span>
     <span class='ocr_line' id='line_1_35' title="bbox 419 1722 1130 1769; baseline 0.014 -17"><span class='ocrx_word' id='word_1_181' title='bbox 419 1722 574 1754; x_wconf 87' lang='lat' dir='ltr'><strong>Johannes</strong></span> <span class='ocrx_word' id='word_1_182' title='bbox 621 1725 668 1755; x_wconf 85' lang='lat' dir='ltr'><strong>tit.</strong></span> <span class='ocrx_word' id='word_1_183' title='bbox 710 1737 732 1757; x_wconf 90' lang='lat' dir='ltr'><strong>s.</strong></span> <span class='ocrx_word' id='word_1_184' title='bbox 770 1728 923 1765; x_wconf 87' lang='lat' dir='ltr'><strong>Praxedis,</strong></span> <span class='ocrx_word' id='word_1_185' title='bbox 963 1732 1130 1769; x_wconf 76' lang='lat' dir='ltr'><strong>presbiteri,</strong></span> 
     </span>
     <span class='ocr_line' id='line_1_36' title="bbox 420 1767 1131 1812; baseline 0.015 -16"><span class='ocrx_word' id='word_1_186' title='bbox 420 1767 590 1807; x_wconf 72' lang='lat' dir='ltr'><strong>Stephanus</strong></span> <span class='ocrx_word' id='word_1_187' title='bbox 607 1770 746 1801; x_wconf 79' lang='lat' dir='ltr'><strong>basilicae</strong></span> <span class='ocrx_word' id='word_1_188' title='bbox 761 1773 826 1802; x_wconf 88' lang='lat' dir='ltr'><strong>XII</strong></span> <span class='ocrx_word' id='word_1_189' title='bbox 843 1774 960 1812; x_wconf 84' lang='lat' dir='ltr'><strong>Apost.,</strong></span> <span class='ocrx_word' id='word_1_190' title='bbox 978 1775 1131 1807; x_wconf 88' lang='lat' dir='ltr'><strong>Robertus</strong></span> 
     </span>
     <span class='ocr_line' id='line_1_37' title="bbox 417 1812 1131 1852; baseline 0.014 -11"><span class='ocrx_word' id='word_1_191' title='bbox 417 1822 440 1842; x_wconf 87' lang='lat' dir='ltr'><strong>s.</strong></span> <span class='ocrx_word' id='word_1_192' title='bbox 465 1812 609 1852; x_wconf 72' lang='lat' dir='ltr'><strong>Stephani</strong></span> <span class='ocrx_word' id='word_1_193' title='bbox 638 1815 669 1845; x_wconf 92' lang='lat' dir='ltr'><strong>in</strong></span> <span class='ocrx_word' id='word_1_194' title='bbox 698 1815 729 1846; x_wconf 81' lang='lat' dir='ltr'><strong>O.</strong></span> <span class='ocrx_word' id='word_1_195' title='bbox 751 1817 802 1852; x_wconf 68' lang='lat' dir='ltr'><strong>M„</strong></span> <span class='ocrx_word' id='word_1_196' title='bbox 841 1817 939 1848; x_wconf 80' lang='lat' dir='ltr'><strong>Guido</strong></span> <span class='ocrx_word' id='word_1_197' title='bbox 969 1831 991 1849; x_wconf 89' lang='lat' dir='ltr'><strong>s.</strong></span> <span class='ocrx_word' id='word_1_198' title='bbox 1014 1820 1131 1851; x_wconf 87' lang='lat' dir='ltr'><strong>Nicolai</strong></span> 
     </span>
     <span class='ocr_line' id='line_1_38' title="bbox 416 1856 1128 1902; baseline 0.014 -16"><span class='ocrx_word' id='word_1_199' title='bbox 416 1856 447 1886; x_wconf 87' lang='lat' dir='ltr'><strong>in</strong></span> <span class='ocrx_word' id='word_1_200' title='bbox 468 1856 499 1887; x_wconf 86' lang='lat' dir='ltr'><strong>C.</strong></span> <span class='ocrx_word' id='word_1_201' title='bbox 517 1857 561 1893; x_wconf 67' lang='lat' dir='ltr'><strong>T„</strong></span> <span class='ocrx_word' id='word_1_202' title='bbox 579 1858 765 1890; x_wconf 82' lang='lat' dir='ltr'><strong>Octavianus</strong></span> <span class='ocrx_word' id='word_1_203' title='bbox 783 1872 821 1891; x_wconf 88' lang='lat' dir='ltr'><strong>ss.</strong></span> <span class='ocrx_word' id='word_1_204' title='bbox 842 1862 934 1902; x_wconf 86' lang='lat' dir='ltr'><strong>Sergii</strong></span> <span class='ocrx_word' id='word_1_205' title='bbox 956 1869 987 1894; x_wconf 86' lang='lat' dir='ltr'><strong>et</strong></span> <span class='ocrx_word' id='word_1_206' title='bbox 1007 1865 1128 1902; x_wconf 87' lang='lat' dir='ltr'><strong>Bacchi,</strong></span> 
     </span>
     <span class='ocr_line' id='line_1_39' title="bbox 419 1899 1129 1941; baseline 0.015 -11"><span class='ocrx_word' id='word_1_207' title='bbox 419 1899 577 1940; x_wconf 79' lang='lat' dir='ltr'><strong>Gregorius</strong></span> <span class='ocrx_word' id='word_1_208' title='bbox 592 1913 615 1933; x_wconf 90' lang='lat' dir='ltr'><strong>s.</strong></span> <span class='ocrx_word' id='word_1_209' title='bbox 629 1903 786 1941; x_wconf 84' lang='lat' dir='ltr'><strong>Theodori,</strong></span> <span class='ocrx_word' id='word_1_210' title='bbox 802 1906 823 1936; x_wconf 90' lang='lat' dir='ltr'>J</span> <span class='ocrx_word' id='word_1_211' title='bbox 824 1917 936 1938; x_wconf 83' lang='lat' dir='ltr'><strong>oannes</strong></span> <span class='ocrx_word' id='word_1_212' title='bbox 952 1919 990 1938; x_wconf 85' lang='lat' dir='ltr'><strong>ss.</strong></span> <span class='ocrx_word' id='word_1_213' title='bbox 1004 1909 1129 1941; x_wconf 86' lang='lat' dir='ltr'><strong>Cosmae</strong></span> 
     </span>
     <span class='ocr_line' id='line_1_40' title="bbox 417 1946 1127 1994; baseline 0.014 -19"><span class='ocrx_word' id='word_1_214' title='bbox 417 1949 448 1974; x_wconf 87' lang='lat' dir='ltr'><strong>et</strong></span> <span class='ocrx_word' id='word_1_215' title='bbox 475 1946 575 1982; x_wconf 68' lang='lat' dir='ltr'><strong>Dam„</strong></span> <span class='ocrx_word' id='word_1_216' title='bbox 605 1948 714 1979; x_wconf 88' lang='lat' dir='ltr'><strong>Petrus</strong></span> <span class='ocrx_word' id='word_1_217' title='bbox 743 1961 766 1980; x_wconf 87' lang='lat' dir='ltr'><strong>s.</strong></span> <span class='ocrx_word' id='word_1_218' title='bbox 796 1951 909 1982; x_wconf 88' lang='lat' dir='ltr'><strong>Mariae</strong></span> <span class='ocrx_word' id='word_1_219' title='bbox 947 1953 978 1983; x_wconf 85' lang='lat' dir='ltr'><strong>in</strong></span> <span class='ocrx_word' id='word_1_220' title='bbox 1003 1955 1127 1994; x_wconf 87' lang='lat' dir='ltr'><strong>Aquiro,</strong></span> 
     </span>
     <span class='ocr_line' id='line_1_41' title="bbox 416 1989 1127 2038; baseline 0.015 -19"><span class='ocrx_word' id='word_1_221' title='bbox 416 1989 617 2022; x_wconf 83' lang='lat' dir='ltr'><strong>Berterannus</strong></span> <span class='ocrx_word' id='word_1_222' title='bbox 633 2003 655 2023; x_wconf 87' lang='lat' dir='ltr'><strong>s.</strong></span> <span class='ocrx_word' id='word_1_223' title='bbox 675 1993 793 2034; x_wconf 78' lang='lat' dir='ltr'><strong>Georgii</strong></span> <span class='ocrx_word' id='word_1_224' title='bbox 809 1996 840 2025; x_wconf 90' lang='lat' dir='ltr'><strong>in</strong></span> <span class='ocrx_word' id='word_1_225' title='bbox 854 1997 961 2027; x_wconf 88' lang='lat' dir='ltr'><strong>Velum</strong></span> <span class='ocrx_word' id='word_1_226' title='bbox 974 1999 1127 2038; x_wconf 86' lang='lat' dir='ltr'><strong>(diaconi).</strong></span> 
     </span>
     <span class='ocr_line' id='line_1_42' title="bbox 414 2033 1128 2075; baseline 0.017 -13"><span class='ocrx_word' id='word_1_227' title='bbox 414 2033 570 2073; x_wconf 84' lang='lat' dir='ltr'><strong>(Jacobus)</strong></span> <span class='ocrx_word' id='word_1_228' title='bbox 605 2037 790 2075; x_wconf 85' lang='lat' dir='ltr'><strong>G(u)ala</strong></span> <span class='ocrx_word' id='word_1_229' title='bbox 832 2041 951 2071; x_wconf 89' lang='lat' dir='ltr'><strong>obtinet</strong></span> <span class='ocrx_word' id='word_1_230' title='bbox 981 2043 1026 2073; x_wconf 91' lang='lat' dir='ltr'><strong>lic.</strong></span> <span class='ocrx_word' id='word_1_231' title='bbox 1059 2048 1128 2075; x_wconf 84' lang='lat' dir='ltr'><strong>test.</strong></span> 
     </span>
     <span class='ocr_line' id='line_1_43' title="bbox 416 2080 1002 2124; baseline 0.017 -17"><span class='ocrx_word' id='word_1_232' title='bbox 416 2081 489 2109; x_wconf 80' lang='lat' dir='ltr'><strong>test..</strong></span> <span class='ocrx_word' id='word_1_233' title='bbox 509 2080 581 2110; x_wconf 90' lang='grc'><strong>1227</strong></span> <span class='ocrx_word' id='word_1_234' title='bbox 603 2081 673 2111; x_wconf 85' lang='lat' dir='ltr'><strong>Maii</strong></span> <span class='ocrx_word' id='word_1_235' title='bbox 694 2084 730 2112; x_wconf 87' lang='lat'><strong>29</strong></span> <span class='ocrx_word' id='word_1_236' title='bbox 753 2084 834 2121; x_wconf 83' lang='lat' dir='ltr'><strong>(Gre.</strong></span> <span class='ocrx_word' id='word_1_237' title='bbox 857 2086 903 2115; x_wconf 93' lang='lat' dir='ltr'><strong>IX</strong></span> <span class='ocrx_word' id='word_1_238' title='bbox 926 2088 1002 2124; x_wconf 87' lang='lat'><strong>124).</strong></span> 
     </span>
     <span class='ocr_line' id='line_1_44' title="bbox 413 2121 1130 2171; baseline 0.018 -21"><span class='ocrx_word' id='word_1_239' title='bbox 413 2121 624 2162; x_wconf 83' lang='lat' dir='ltr'><strong>Pelagius</strong></span> <span class='ocrx_word' id='word_1_240' title='bbox 657 2125 784 2157; x_wconf 88' lang='lat' dir='ltr'><strong>Galvani</strong></span> <span class='ocrx_word' id='word_1_241' title='bbox 814 2129 851 2158; x_wconf 85' lang='lat' dir='ltr'><strong>fit</strong></span> <span class='ocrx_word' id='word_1_242' title='bbox 882 2131 956 2160; x_wconf 87' lang='lat'>1213</span> <span class='ocrx_word' id='word_1_243' title='bbox 985 2132 1060 2171; x_wconf 88' lang='lat' dir='ltr'><strong>Aug.</strong></span> <span class='ocrx_word' id='word_1_244' title='bbox 1092 2135 1130 2163; x_wconf 88' lang='lat'><strong>30</strong></span> 
     </span>
     <span class='ocr_line' id='line_1_45' title="bbox 415 2166 1127 2215; baseline 0.018 -21"><span class='ocrx_word' id='word_1_245' title='bbox 415 2166 530 2204; x_wconf 83' lang='lat' dir='ltr'><strong>legatus</strong></span> <span class='ocrx_word' id='word_1_246' title='bbox 546 2167 577 2197; x_wconf 91' lang='lat' dir='ltr'><strong>in</strong></span> <span class='ocrx_word' id='word_1_247' title='bbox 592 2169 714 2200; x_wconf 80' lang='lat' dir='ltr'><strong>Oriente</strong></span> <span class='ocrx_word' id='word_1_248' title='bbox 730 2172 774 2208; x_wconf 90' lang='lat' dir='ltr'><strong>(P.</strong></span> <span class='ocrx_word' id='word_1_249' title='bbox 791 2174 893 2211; x_wconf 85' lang='grc'><strong>4802);</strong></span> <span class='ocrx_word' id='word_1_250' title='bbox 912 2176 984 2206; x_wconf 88' lang='grc'><strong>1227</strong></span> <span class='ocrx_word' id='word_1_251' title='bbox 1000 2177 1072 2215; x_wconf 89' lang='lat' dir='ltr'><strong>Apr.</strong></span> <span class='ocrx_word' id='word_1_252' title='bbox 1090 2179 1127 2207; x_wconf 92' lang='grc'><strong>22</strong></span> 
     </span>
     <span class='ocr_line' id='line_1_46' title="bbox 418 2210 1128 2260; baseline 0.017 -21"><span class='ocrx_word' id='word_1_253' title='bbox 418 2210 484 2240; x_wconf 88' lang='lat' dir='ltr'><strong>Gre.</strong></span> <span class='ocrx_word' id='word_1_254' title='bbox 501 2211 548 2240; x_wconf 91' lang='lat' dir='ltr'><strong>IX</strong></span> <span class='ocrx_word' id='word_1_255' title='bbox 562 2212 597 2247; x_wconf 89' lang='lat' dir='ltr'><strong>ei,</strong></span> <span class='ocrx_word' id='word_1_256' title='bbox 614 2217 686 2244; x_wconf 88' lang='lat' dir='ltr'><strong>tunc</strong></span> <span class='ocrx_word' id='word_1_257' title='bbox 701 2226 765 2254; x_wconf 87' lang='lat' dir='ltr'><strong>epo.</strong></span> <span class='ocrx_word' id='word_1_258' title='bbox 781 2217 937 2254; x_wconf 69' lang='lat' dir='ltr'><strong>Albanen„</strong></span> <span class='ocrx_word' id='word_1_259' title='bbox 954 2220 992 2249; x_wconf 88' lang='lat' dir='ltr'><strong>ad</strong></span> <span class='ocrx_word' id='word_1_260' title='bbox 1008 2225 1128 2260; x_wconf 85' lang='lat' dir='ltr'><strong>tempus</strong></span> 
     </span>
     <span class='ocr_line' id='line_1_47' title="bbox 416 2254 1127 2300; baseline 0.018 -17"><span class='ocrx_word' id='word_1_261' title='bbox 416 2254 497 2284; x_wconf 87' lang='lat' dir='ltr'><strong>vitae</strong></span> <span class='ocrx_word' id='word_1_262' title='bbox 525 2258 662 2287; x_wconf 85' lang='lat' dir='ltr'><strong>concedit</strong></span> <span class='ocrx_word' id='word_1_263' title='bbox 690 2269 777 2290; x_wconf 89' lang='lat' dir='ltr'><strong>usum</strong></span> <span class='ocrx_word' id='word_1_264' title='bbox 805 2262 964 2300; x_wconf 90' lang='lat' dir='ltr'><strong>superioris</strong></span> <span class='ocrx_word' id='word_1_265' title='bbox 992 2275 1127 2295; x_wconf 87' lang='lat' dir='ltr'><strong>camerae</strong></span> 
     </span>
     <span class='ocr_line' id='line_1_48' title="bbox 414 2299 1126 2347; baseline 0.018 -20"><span class='ocrx_word' id='word_1_266' title='bbox 414 2299 519 2337; x_wconf 85' lang='lat' dir='ltr'><strong>palatii</strong></span> <span class='ocrx_word' id='word_1_267' title='bbox 537 2305 644 2339; x_wconf 89' lang='lat' dir='ltr'><strong>apost.,</strong></span> <span class='ocrx_word' id='word_1_268' title='bbox 665 2313 741 2341; x_wconf 89' lang='lat' dir='ltr'><strong>quae</strong></span> <span class='ocrx_word' id='word_1_269' title='bbox 760 2305 886 2339; x_wconf 86' lang='lat' dir='ltr'><strong>„domus</strong></span> <span class='ocrx_word' id='word_1_270' title='bbox 904 2307 1021 2347; x_wconf 84' lang='lat' dir='ltr'><strong>major“</strong></span> <span class='ocrx_word' id='word_1_271' title='bbox 1039 2320 1126 2339; x_wconf 88' lang='lat' dir='ltr'><strong>voca-</strong></span> 
     </span>
     <span class='ocr_line' id='line_1_49' title="bbox 415 2342 1126 2393; baseline 0.018 -22"><span class='ocrx_word' id='word_1_272' title='bbox 415 2342 504 2372; x_wconf 85' lang='lat' dir='ltr'><strong>batur</strong></span> <span class='ocrx_word' id='word_1_273' title='bbox 530 2349 560 2374; x_wconf 90' lang='lat' dir='ltr'><strong>et</strong></span> <span class='ocrx_word' id='word_1_274' title='bbox 585 2345 673 2384; x_wconf 85' lang='lat' dir='ltr'><strong>juxta</strong></span> <span class='ocrx_word' id='word_1_275' title='bbox 699 2347 823 2379; x_wconf 90' lang='lat' dir='ltr'><strong>domum</strong></span> <span class='ocrx_word' id='word_1_276' title='bbox 848 2350 940 2389; x_wconf 90' lang='lat' dir='ltr'><strong>ipsius</strong></span> <span class='ocrx_word' id='word_1_277' title='bbox 966 2353 1046 2383; x_wconf 84' lang='lat' dir='ltr'><strong>card.</strong></span> <span class='ocrx_word' id='word_1_278' title='bbox 1074 2365 1126 2393; x_wconf 92' lang='lat' dir='ltr'><strong>po-</strong></span> 
     </span>
     <span class='ocr_line' id='line_1_50' title="bbox 413 2387 567 2418; baseline 0.013 -2"><span class='ocrx_word' id='word_1_279' title='bbox 413 2387 473 2416; x_wconf 82' lang='lat' dir='ltr'><strong>sita</strong></span> <span class='ocrx_word' id='word_1_280' title='bbox 494 2394 567 2418; x_wconf 87' lang='lat' dir='ltr'><strong>erat.</strong></span> 
     </span>
    </p>

    <p class='ocr_par' dir='ltr' id='par_1_18' title="bbox 406 2431 1124 2831">
     <span class='ocr_line' id='line_1_51' title="bbox 412 2431 1124 2477; baseline 0.017 -17"><span class='ocrx_word' id='word_1_281' title='bbox 412 2431 438 2460; x_wconf 83' lang='lat' dir='ltr'>G</span> <span class='ocrx_word' id='word_1_282' title='bbox 449 2442 465 2461; x_wconf 89' lang='lat' dir='ltr'><strong>e</strong></span> <span class='ocrx_word' id='word_1_283' title='bbox 478 2442 492 2461; x_wconf 91' lang='lat' dir='ltr'><strong>r</strong></span> <span class='ocrx_word' id='word_1_284' title='bbox 503 2443 521 2461; x_wconf 88' lang='lat' dir='ltr'><strong>a</strong></span> <span class='ocrx_word' id='word_1_285' title='bbox 533 2444 547 2462; x_wconf 93' lang='lat' dir='ltr'><strong>r</strong></span> <span class='ocrx_word' id='word_1_286' title='bbox 559 2434 578 2462; x_wconf 94' lang='lat' dir='ltr'><strong>d</strong></span> <span class='ocrx_word' id='word_1_287' title='bbox 591 2444 610 2463; x_wconf 98' lang='grc' dir='ltr'><strong>ιι</strong></span> <span class='ocrx_word' id='word_1_288' title='bbox 622 2445 636 2464; x_wconf 91' lang='lat' dir='ltr'><strong>s</strong></span> <span class='ocrx_word' id='word_1_289' title='bbox 658 2435 694 2464; x_wconf 87' lang='lat' dir='ltr'><strong>de</strong></span> <span class='ocrx_word' id='word_1_290' title='bbox 719 2436 815 2467; x_wconf 88' lang='lat' dir='ltr'><strong>Sessio</strong></span> <span class='ocrx_word' id='word_1_291' title='bbox 835 2437 898 2477; x_wconf 84' lang='lat' dir='ltr'><strong>jam</strong></span> <span class='ocrx_word' id='word_1_292' title='bbox 920 2440 955 2470; x_wconf 93' lang='lat' dir='ltr'><strong>el.</strong></span> <span class='ocrx_word' id='word_1_293' title='bbox 978 2441 1124 2472; x_wconf 86' lang='lat' dir='ltr'><strong>Albanen.</strong></span> 
     </span>
     <span class='ocr_line' id='line_1_52' title="bbox 412 2476 1122 2524; baseline 0.017 -19"><span class='ocrx_word' id='word_1_294' title='bbox 412 2476 482 2506; x_wconf 88' lang='grc'><strong>1211</strong></span> <span class='ocrx_word' id='word_1_295' title='bbox 506 2477 577 2507; x_wconf 88' lang='lat' dir='ltr'><strong>Maii</strong></span> <span class='ocrx_word' id='word_1_296' title='bbox 598 2481 615 2508; x_wconf 85' lang='lat'>9</span> <span class='ocrx_word' id='word_1_297' title='bbox 637 2479 681 2516; x_wconf 91' lang='grc' dir='ltr'><strong>(Ρ.</strong></span> <span class='ocrx_word' id='word_1_298' title='bbox 705 2481 801 2518; x_wconf 87' lang='grc'><strong>4243),</strong></span> <span class='ocrx_word' id='word_1_299' title='bbox 826 2482 886 2512; x_wconf 90' lang='lat' dir='ltr'><strong>imo</strong></span> <span class='ocrx_word' id='word_1_300' title='bbox 904 2483 968 2523; x_wconf 85' lang='lat' dir='ltr'><strong>jam</strong></span> <span class='ocrx_word' id='word_1_301' title='bbox 983 2486 1055 2524; x_wconf 86' lang='lat' dir='ltr'><strong>Apr.</strong></span> <span class='ocrx_word' id='word_1_302' title='bbox 1075 2488 1122 2517; x_wconf 87' lang='lat'><strong>20.</strong></span> 
     </span>
     <span class='ocr_line' id='line_1_53' title="bbox 407 2519 1122 2569; baseline 0.017 -20"><span class='ocrx_word' id='word_1_303' title='bbox 407 2519 434 2549; x_wconf 92' lang='lat' dir='ltr'>A</span> <span class='ocrx_word' id='word_1_304' title='bbox 446 2530 465 2549; x_wconf 94' lang='lat' dir='ltr'><strong>n</strong></span> <span class='ocrx_word' id='word_1_305' title='bbox 477 2531 496 2559; x_wconf 86' lang='lat' dir='ltr'><strong>g</strong></span> <span class='ocrx_word' id='word_1_306' title='bbox 508 2532 523 2550; x_wconf 91' lang='lat' dir='ltr'><strong>e</strong></span> <span class='ocrx_word' id='word_1_307' title='bbox 536 2522 544 2551; x_wconf 95' lang='lat' dir='ltr'><strong>l</strong></span> <span class='ocrx_word' id='word_1_308' title='bbox 557 2532 576 2551; x_wconf 92' lang='lat' dir='ltr'><strong>u</strong></span> <span class='ocrx_word' id='word_1_309' title='bbox 589 2533 602 2552; x_wconf 89' lang='lat' dir='ltr'><strong>s</strong></span> <span class='ocrx_word' id='word_1_310' title='bbox 616 2547 622 2558; x_wconf 92' lang='lat'><strong>,</strong></span> <span class='ocrx_word' id='word_1_311' title='bbox 667 2528 757 2554; x_wconf 86' lang='lat' dir='ltr'><strong>antea</strong></span> <span class='ocrx_word' id='word_1_312' title='bbox 789 2526 922 2557; x_wconf 87' lang='lat' dir='ltr'><strong>subdiac.</strong></span> <span class='ocrx_word' id='word_1_313' title='bbox 957 2533 987 2559; x_wconf 90' lang='lat' dir='ltr'><strong>et</strong></span> <span class='ocrx_word' id='word_1_314' title='bbox 1019 2531 1122 2569; x_wconf 82' lang='lat' dir='ltr'><strong>capell.</strong></span> 
     </span>
     <span class='ocr_line' id='line_1_54' title="bbox 411 2563 1120 2612; baseline 0.017 -19"><span class='ocrx_word' id='word_1_315' title='bbox 411 2563 477 2594; x_wconf 88' lang='lat' dir='ltr'><strong>Inn.</strong></span> <span class='ocrx_word' id='word_1_316' title='bbox 508 2565 566 2601; x_wconf 90' lang='grc' dir='ltr'><strong>ΙΙΙ,</strong></span> <span class='ocrx_word' id='word_1_317' title='bbox 597 2567 615 2605; x_wconf 89' lang='lat'><strong>†</strong></span> <span class='ocrx_word' id='word_1_318' title='bbox 643 2572 714 2597; x_wconf 84' lang='lat' dir='ltr'><strong>ante</strong></span> <span class='ocrx_word' id='word_1_319' title='bbox 743 2571 779 2598; x_wconf 93' lang='grc'><strong>22</strong></span> <span class='ocrx_word' id='word_1_320' title='bbox 808 2570 894 2601; x_wconf 87' lang='lat' dir='ltr'><strong>Febr.</strong></span> <span class='ocrx_word' id='word_1_321' title='bbox 926 2574 997 2603; x_wconf 91' lang='grc'><strong>1217</strong></span> <span class='ocrx_word' id='word_1_322' title='bbox 1028 2575 1120 2612; x_wconf 86' lang='grc' dir='ltr'>(Ηοιι.</span> 
     </span>
     <span class='ocr_line' id='line_1_55' title="bbox 406 2652 1121 2693; baseline 0.017 -12"><span class='ocrx_word' id='word_1_323' title='bbox 406 2652 567 2684; x_wconf 87' lang='lat' dir='ltr'><strong>Petrus</strong></span> <span class='ocrx_word' id='word_1_324' title='bbox 594 2655 757 2687; x_wconf 89' lang='lat' dir='ltr'><strong>Duacensis</strong></span> <span class='ocrx_word' id='word_1_325' title='bbox 785 2658 821 2687; x_wconf 83' lang='lat' dir='ltr'><strong>fit</strong></span> <span class='ocrx_word' id='word_1_326' title='bbox 849 2659 896 2690; x_wconf 84' lang='lat' dir='ltr'><strong>tit.</strong></span> <span class='ocrx_word' id='word_1_327' title='bbox 925 2671 947 2690; x_wconf 92' lang='lat' dir='ltr'><strong>s.</strong></span> <span class='ocrx_word' id='word_1_328' title='bbox 976 2661 1063 2692; x_wconf 91' lang='lat' dir='ltr'><strong>Laur.</strong></span> <span class='ocrx_word' id='word_1_329' title='bbox 1092 2663 1121 2693; x_wconf 89' lang='lat' dir='ltr'><strong>in</strong></span> 
     </span>
     <span class='ocr_line' id='line_1_56' title="bbox 409 2696 1122 2737; baseline 0.015 -11"><span class='ocrx_word' id='word_1_330' title='bbox 409 2696 497 2727; x_wconf 88' lang='lat' dir='ltr'><strong>Dam.</strong></span> <span class='ocrx_word' id='word_1_331' title='bbox 519 2699 617 2737; x_wconf 86' lang='lat' dir='ltr'><strong>presb.</strong></span> <span class='ocrx_word' id='word_1_332' title='bbox 640 2701 719 2731; x_wconf 86' lang='lat' dir='ltr'><strong>card.</strong></span> <span class='ocrx_word' id='word_1_333' title='bbox 743 2707 813 2732; x_wconf 86' lang='lat' dir='ltr'><strong>ante</strong></span> <span class='ocrx_word' id='word_1_334' title='bbox 837 2705 910 2734; x_wconf 90' lang='grc'><strong>1216</strong></span> <span class='ocrx_word' id='word_1_335' title='bbox 931 2705 1008 2735; x_wconf 83' lang='grc' dir='ltr'><strong>Νον.</strong></span> <span class='ocrx_word' id='word_1_336' title='bbox 1033 2708 1070 2736; x_wconf 93' lang='grc'><strong>10</strong></span> <span class='ocrx_word' id='word_1_337' title='bbox 1090 2711 1122 2737; x_wconf 87' lang='lat' dir='ltr'><strong>et</strong></span> 
     </span>
     <span class='ocr_line' id='line_1_57' title="bbox 407 2741 1118 2790; baseline 0.017 -20"><span class='ocrx_word' id='word_1_338' title='bbox 407 2741 498 2779; x_wconf 79' lang='lat' dir='ltr'><strong>paulo</strong></span> <span class='ocrx_word' id='word_1_339' title='bbox 519 2747 589 2781; x_wconf 82' lang='lat' dir='ltr'><strong>post</strong></span> <span class='ocrx_word' id='word_1_340' title='bbox 610 2755 656 2783; x_wconf 88' lang='lat' dir='ltr'><strong>ep.</strong></span> <span class='ocrx_word' id='word_1_341' title='bbox 682 2745 821 2776; x_wconf 87' lang='lat' dir='ltr'><strong>Sabinen.</strong></span> <span class='ocrx_word' id='word_1_342' title='bbox 846 2748 937 2785; x_wconf 92' lang='lat' dir='ltr'><strong>(Hon.</strong></span> <span class='ocrx_word' id='word_1_343' title='bbox 962 2750 1011 2779; x_wconf 93' lang='lat' dir='ltr'><strong>III</strong></span> <span class='ocrx_word' id='word_1_344' title='bbox 1043 2751 1118 2790; x_wconf 88' lang='lat' dir='ltr'><strong>Reg.</strong></span> 
     </span>
     <span class='ocr_line' id='line_1_58' title="bbox 407 2785 996 2831; baseline 0.017 -17"><span class='ocrx_word' id='word_1_345' title='bbox 407 2785 453 2815; x_wconf 90' lang='lat' dir='ltr'><strong>ed.</strong></span> <span class='ocrx_word' id='word_1_346' title='bbox 476 2786 570 2817; x_wconf 87' lang='lat' dir='ltr'><strong>Press.</strong></span> <span class='ocrx_word' id='word_1_347' title='bbox 593 2798 636 2818; x_wconf 92' lang='lat' dir='ltr'><strong>nr.</strong></span> <span class='ocrx_word' id='word_1_348' title='bbox 658 2791 714 2820; x_wconf 85' lang='lat'><strong>345</strong></span> <span class='ocrx_word' id='word_1_349' title='bbox 735 2795 766 2819; x_wconf 84' lang='lat' dir='ltr'><strong>et</strong></span> <span class='ocrx_word' id='word_1_350' title='bbox 786 2795 808 2821; x_wconf 90' lang='lat' dir='ltr'><strong>t.</strong></span> <span class='ocrx_word' id='word_1_351' title='bbox 832 2792 846 2821; x_wconf 95' lang='lat' dir='ltr'>I</span> <span class='ocrx_word' id='word_1_352' title='bbox 867 2803 895 2831; x_wconf 95' lang='lat' dir='ltr'><strong>p.</strong></span> <span class='ocrx_word' id='word_1_353' title='bbox 919 2793 996 2831; x_wconf 90' lang='lat' dir='ltr'><strong>LX).</strong></span> 
     </span>
    </p>

    <p class='ocr_par' dir='ltr' id='par_1_19' title="bbox 406 2828 1121 2918">
     <span class='ocr_line' id='line_1_59' title="bbox 406 2828 1121 2878; baseline 0.017 -20"><span class='ocrx_word' id='word_1_354' title='bbox 406 2828 426 2858; x_wconf 87' lang='lat' dir='ltr'>S</span> <span class='ocrx_word' id='word_1_355' title='bbox 438 2833 452 2858; x_wconf 92' lang='lat' dir='ltr'><strong>t</strong></span> <span class='ocrx_word' id='word_1_356' title='bbox 463 2840 478 2859; x_wconf 93' lang='lat' dir='ltr'><strong>e</strong></span> <span class='ocrx_word' id='word_1_357' title='bbox 490 2841 510 2869; x_wconf 93' lang='lat' dir='ltr'><strong>p</strong></span> <span class='ocrx_word' id='word_1_358' title='bbox 523 2831 542 2860; x_wconf 88' lang='lat' dir='ltr'>h</span> <span class='ocrx_word' id='word_1_359' title='bbox 554 2842 572 2860; x_wconf 87' lang='lat' dir='ltr'><strong>a</strong></span> <span class='ocrx_word' id='word_1_360' title='bbox 584 2842 604 2861; x_wconf 91' lang='lat' dir='ltr'><strong>n</strong></span> <span class='ocrx_word' id='word_1_361' title='bbox 616 2843 636 2862; x_wconf 94' lang='lat' dir='ltr'><strong>u</strong></span> <span class='ocrx_word' id='word_1_362' title='bbox 648 2843 662 2862; x_wconf 93' lang='lat' dir='ltr'><strong>s</strong></span> <span class='ocrx_word' id='word_1_363' title='bbox 687 2833 725 2864; x_wconf 84' lang='lat' dir='ltr'><strong>de</strong></span> <span class='ocrx_word' id='word_1_364' title='bbox 750 2835 883 2866; x_wconf 84' lang='lat' dir='ltr'><strong>Ceccano</strong></span> <span class='ocrx_word' id='word_1_365' title='bbox 908 2838 926 2875; x_wconf 87' lang='lat'>†</span> <span class='ocrx_word' id='word_1_366' title='bbox 953 2839 1024 2869; x_wconf 86' lang='lat'><strong>1227</strong></span> <span class='ocrx_word' id='word_1_367' title='bbox 1051 2844 1121 2878; x_wconf 89' lang='lat' dir='ltr'><strong>post</strong></span> 
     </span>
     <span class='ocr_line' id='line_1_60' title="bbox 408 2873 827 2918; baseline 0.019 -16"><span class='ocrx_word' id='word_1_368' title='bbox 408 2873 452 2903; x_wconf 84' lang='lat'><strong>15.</strong></span> <span class='ocrx_word' id='word_1_369' title='bbox 480 2874 541 2905; x_wconf 90' lang='lat' dir='ltr'><strong>Jul.</strong></span> <span class='ocrx_word' id='word_1_370' title='bbox 568 2876 649 2913; x_wconf 87' lang='lat' dir='ltr'><strong>(Gre.</strong></span> <span class='ocrx_word' id='word_1_371' title='bbox 676 2878 723 2908; x_wconf 92' lang='lat' dir='ltr'><strong>IX</strong></span> <span class='ocrx_word' id='word_1_372' title='bbox 749 2880 827 2918; x_wconf 91' lang='grc'><strong>128).</strong></span> 
     </span>
    </p>

    <p class='ocr_par' dir='ltr' id='par_1_20' title="bbox 403 2916 1119 3010">
     <span class='ocr_line' id='line_1_61' title="bbox 403 2916 1119 2961; baseline 0.017 -15"><span class='ocrx_word' id='word_1_373' title='bbox 403 2916 431 2946; x_wconf 89' lang='lat' dir='ltr'>R</span> <span class='ocrx_word' id='word_1_374' title='bbox 442 2927 461 2947; x_wconf 92' lang='lat' dir='ltr'><strong>a</strong></span> <span class='ocrx_word' id='word_1_375' title='bbox 472 2917 482 2947; x_wconf 91' lang='lat' dir='ltr'><strong>i</strong></span> <span class='ocrx_word' id='word_1_376' title='bbox 494 2929 514 2948; x_wconf 90' lang='lat' dir='ltr'><strong>n</strong></span> <span class='ocrx_word' id='word_1_377' title='bbox 526 2929 541 2948; x_wconf 87' lang='lat' dir='ltr'><strong>e</strong></span> <span class='ocrx_word' id='word_1_378' title='bbox 553 2920 588 2949; x_wconf 91' lang='lat' dir='ltr'><strong>ri</strong></span> <span class='ocrx_word' id='word_1_379' title='bbox 601 2931 620 2950; x_wconf 93' lang='lat' dir='ltr'><strong>u</strong></span> <span class='ocrx_word' id='word_1_380' title='bbox 632 2931 646 2951; x_wconf 91' lang='lat' dir='ltr'><strong>s</strong></span> <span class='ocrx_word' id='word_1_381' title='bbox 672 2921 843 2961; x_wconf 85' lang='lat' dir='ltr'><strong>Capoccius,</strong></span> <span class='ocrx_word' id='word_1_382' title='bbox 869 2930 959 2955; x_wconf 79' lang='lat' dir='ltr'><strong>antea</strong></span> <span class='ocrx_word' id='word_1_383' title='bbox 984 2927 1119 2958; x_wconf 87' lang='lat' dir='ltr'><strong>notarius</strong></span> 
     </span>
     <span class='ocr_line' id='line_1_62' title="bbox 405 2964 1115 3010; baseline 0.017 -20"><span class='ocrx_word' id='word_1_384' title='bbox 405 2966 513 3000; x_wconf 68' lang='lat' dir='ltr'><strong>apost„</strong></span> <span class='ocrx_word' id='word_1_385' title='bbox 543 2964 660 2995; x_wconf 85' lang='lat' dir='ltr'><strong>obtinet</strong></span> <span class='ocrx_word' id='word_1_386' title='bbox 688 2966 744 2996; x_wconf 82' lang='lat' dir='ltr'><strong>fac.</strong></span> <span class='ocrx_word' id='word_1_387' title='bbox 774 2971 842 2998; x_wconf 85' lang='lat' dir='ltr'><strong>test.</strong></span> <span class='ocrx_word' id='word_1_388' title='bbox 874 2971 949 2999; x_wconf 88' lang='grc'><strong>1220</strong></span> <span class='ocrx_word' id='word_1_389' title='bbox 975 2971 1051 3010; x_wconf 86' lang='lat' dir='ltr'><strong>Aug.</strong></span> <span class='ocrx_word' id='word_1_390' title='bbox 1083 2974 1115 3002; x_wconf 92' lang='grc'><strong>11</strong></span> 
     </span>
    </p>
   </div>
   <div class='ocr_carea' id='block_1_16' title="bbox 1167 738 1197 2997">
    <p class='ocr_par' dir='ltr' id='par_1_21' title="bbox 1167 738 1197 2997">
     <span class='ocr_line' id='line_1_63' title="bbox 1167 738 1197 2997; baseline 0 0"><span class='ocrx_word' id='word_1_391' title='bbox 1167 738 1197 2997; x_wconf 95' lang='lat' dir='ltr'><strong> </strong></span> 
     </span>
    </p>
   </div>
   <div class='ocr_carea' id='block_1_17' title="bbox 1506 866 1542 894">
    <p class='ocr_par' dir='ltr' id='par_1_22' title="bbox 1506 866 1542 894">
     <span class='ocr_line' id='line_1_64' title="bbox 1506 866 1542 894; baseline 0 0"><span class='ocrx_word' id='word_1_392' title='bbox 1506 866 1542 894; x_wconf 87' lang='grc'><strong>28</strong></span> 
     </span>
    </p>
   </div>
   <div class='ocr_carea' id='block_1_18' title="bbox 1441 1177 1536 1209">
    <p class='ocr_par' dir='ltr' id='par_1_23' title="bbox 1441 1177 1536 1209">
     <span class='ocr_line' id='line_1_65' title="bbox 1441 1177 1536 1209; baseline 0.021 -6"><span class='ocrx_word' id='word_1_393' title='bbox 1441 1198 1458 1209; x_wconf 91' lang='grc'><strong>,,</strong></span> <span class='ocrx_word' id='word_1_394' title='bbox 1500 1177 1536 1205; x_wconf 88' lang='grc'><strong>29</strong></span> 
     </span>
    </p>
   </div>
   <div class='ocr_carea' id='block_1_19' title="bbox 1436 1542 1532 1574">
    <p class='ocr_par' dir='ltr' id='par_1_24' title="bbox 1436 1542 1532 1574">
     <span class='ocr_line' id='line_1_66' title="bbox 1436 1542 1532 1574; baseline 0.01 -6"><span class='ocrx_word' id='word_1_395' title='bbox 1436 1563 1453 1574; x_wconf 86' lang='grc'><strong>,,</strong></span> <span class='ocrx_word' id='word_1_396' title='bbox 1495 1542 1532 1569; x_wconf 90' lang='grc'><strong>30</strong></span> 
     </span>
    </p>
   </div>
   <div class='ocr_carea' id='block_1_20' title="bbox 1433 1763 1525 1796">
    <p class='ocr_par' dir='ltr' id='par_1_25' title="bbox 1433 1763 1525 1796">
     <span class='ocr_line' id='line_1_67' title="bbox 1433 1763 1525 1796; baseline 0.011 -6"><span class='ocrx_word' id='word_1_397' title='bbox 1433 1785 1449 1796; x_wconf 85' lang='grc'><strong>,,</strong></span> <span class='ocrx_word' id='word_1_398' title='bbox 1491 1763 1525 1791; x_wconf 90' lang='grc'><strong>31</strong></span> 
     </span>
    </p>
   </div>
   <div class='ocr_carea' id='block_1_21' title="bbox 1432 1941 2299 2034">
    <p class='ocr_par' dir='ltr' id='par_1_26' title="bbox 1432 1941 2299 2034">
     <span class='ocr_line' id='line_1_68' title="bbox 1432 1941 2299 2034; baseline 0.016 -22"><span class='ocrx_word' id='word_1_399' title='bbox 1432 1962 1448 1973; x_wconf 68' lang='grc'>”</span> <span class='ocrx_word' id='word_1_400' title='bbox 1490 1941 1527 2009; x_wconf 75' lang='lat'><strong>33.</strong></span> <span class='ocrx_word' id='word_1_401' title='bbox 1582 1985 1660 2015; x_wconf 85' lang='lat' dir='ltr'><strong>inter</strong></span> <span class='ocrx_word' id='word_1_402' title='bbox 1690 1988 1726 2017; x_wconf 89' lang='grc'><strong>29</strong></span> <span class='ocrx_word' id='word_1_403' title='bbox 1757 1988 1830 2018; x_wconf 88' lang='lat' dir='ltr'><strong>Maii</strong></span> <span class='ocrx_word' id='word_1_404' title='bbox 1860 1994 1891 2018; x_wconf 85' lang='lat' dir='ltr'><strong>et</strong></span> <span class='ocrx_word' id='word_1_405' title='bbox 1921 1992 1959 2019; x_wconf 86' lang='lat'><strong>30</strong></span> <span class='ocrx_word' id='word_1_406' title='bbox 1989 1991 2066 2022; x_wconf 90' lang='lat' dir='ltr'><strong>Nov.</strong></span> <span class='ocrx_word' id='word_1_407' title='bbox 2101 1994 2183 2030; x_wconf 87' lang='lat'><strong>1219,</strong></span> <span class='ocrx_word' id='word_1_408' title='bbox 2216 2006 2299 2034; x_wconf 91' lang='lat' dir='ltr'><strong>epus.</strong></span> 
     </span>
    </p>
   </div>
   <div class='ocr_carea' id='block_1_22' title="bbox 1412 2115 1453 2151">
    <p class='ocr_par' dir='ltr' id='par_1_27' title="bbox 1412 2115 1453 2151">
     <span class='ocr_line' id='line_1_69' title="bbox 1412 2115 1453 2151; baseline 0.024 -7"><span class='ocrx_word' id='word_1_409' title='bbox 1412 2115 1453 2151; x_wconf 93' lang='lat' dir='ltr'><strong>II,</strong></span> 
     </span>
    </p>
   </div>
   <div class='ocr_carea' id='block_1_23' title="bbox 1397 2524 1454 2560">
    <p class='ocr_par' dir='ltr' id='par_1_28' title="bbox 1397 2524 1454 2560">
     <span class='ocr_line' id='line_1_70' title="bbox 1397 2524 1454 2560; baseline 0 -7"><span class='ocrx_word' id='word_1_410' title='bbox 1397 2524 1454 2560; x_wconf 88' lang='grc' dir='ltr'><strong>ΙΙΙ,</strong></span> 
     </span>
    </p>
   </div>
   <div class='ocr_carea' id='block_1_24' title="bbox 1501 2261 1523 2643">
    <p class='ocr_par' dir='ltr' id='par_1_29' title="bbox 1501 2261 1523 2643">
     <span class='ocr_line' id='line_1_71' title="bbox 1501 2261 1523 2643; textangle 90"><span class='ocrx_word' id='word_1_411' title='bbox 1501 2527 1522 2643; x_wconf 57' lang='grc' dir='ltr'>[ὒν-ι</span> <span class='ocrx_word' id='word_1_412' title='bbox 1504 2350 1522 2466; x_wconf 64' lang='grc' dir='ltr'><strong>ΦΟῚ</strong></span> <span class='ocrx_word' id='word_1_413' title='bbox 1505 2261 1523 2289; x_wconf 78' lang='lat'><strong>00</strong></span> 
     </span>
    </p>
   </div>
   <div class='ocr_carea' id='block_1_25' title="bbox 1497 2891 1514 2963">
    <p class='ocr_par' dir='ltr' id='par_1_30' title="bbox 1497 2891 1514 2963">
     <span class='ocr_line' id='line_1_72' title="bbox 1497 2891 1514 2963; textangle 90"><span class='ocrx_word' id='word_1_414' title='bbox 1497 2891 1514 2963; x_wconf 49' lang='lat' dir='ltr'><strong>&lt;DQ</strong></span> 
     </span>
    </p>
   </div>
   <div class='ocr_carea' id='block_1_26' title="bbox 1589 733 2322 1485">
    <p class='ocr_par' dir='ltr' id='par_1_31' title="bbox 1589 733 2322 1485">
     <span class='ocr_line' id='line_1_73' title="bbox 1600 733 2315 777; baseline 0.02 -16"><span class='ocrx_word' id='word_1_415' title='bbox 1600 733 1691 770; x_wconf 89' lang='lat' dir='ltr'><strong>(Hon.</strong></span> <span class='ocrx_word' id='word_1_416' title='bbox 1708 735 1756 764; x_wconf 90' lang='lat' dir='ltr'><strong>III</strong></span> <span class='ocrx_word' id='word_1_417' title='bbox 1771 737 1868 773; x_wconf 84' lang='lat'><strong>2613),</strong></span> <span class='ocrx_word' id='word_1_418' title='bbox 1884 742 1930 766; x_wconf 85' lang='lat' dir='ltr'><strong>est</strong></span> <span class='ocrx_word' id='word_1_419' title='bbox 1945 738 2059 777; x_wconf 83' lang='lat' dir='ltr'><strong>legatus</strong></span> <span class='ocrx_word' id='word_1_420' title='bbox 2074 740 2104 769; x_wconf 91' lang='lat' dir='ltr'><strong>in</strong></span> <span class='ocrx_word' id='word_1_421' title='bbox 2119 742 2225 772; x_wconf 81' lang='lat' dir='ltr'><strong>Tuscia</strong></span> <span class='ocrx_word' id='word_1_422' title='bbox 2242 746 2315 775; x_wconf 84' lang='lat'><strong>1234</strong></span> 
     </span>
     <span class='ocr_line' id='line_1_74' title="bbox 1597 778 2313 820; baseline 0.02 -15"><span class='ocrx_word' id='word_1_423' title='bbox 1597 778 1673 816; x_wconf 89' lang='lat' dir='ltr'><strong>Aug.</strong></span> <span class='ocrx_word' id='word_1_424' title='bbox 1691 780 1703 807; x_wconf 96' lang='grc'><strong>1</strong></span> <span class='ocrx_word' id='word_1_425' title='bbox 1721 779 1802 815; x_wconf 83' lang='lat' dir='ltr'><strong>(Gre.</strong></span> <span class='ocrx_word' id='word_1_426' title='bbox 1819 781 1865 810; x_wconf 94' lang='lat' dir='ltr'><strong>IX</strong></span> <span class='ocrx_word' id='word_1_427' title='bbox 1879 783 1975 819; x_wconf 82' lang='lat'><strong>2037),</strong></span> <span class='ocrx_word' id='word_1_428' title='bbox 1991 784 2009 820; x_wconf 92' lang='lat'><strong>†</strong></span> <span class='ocrx_word' id='word_1_429' title='bbox 2024 785 2097 814; x_wconf 85' lang='grc'><strong>1252</strong></span> <span class='ocrx_word' id='word_1_430' title='bbox 2111 791 2181 816; x_wconf 86' lang='lat' dir='ltr'><strong>ante</strong></span> <span class='ocrx_word' id='word_1_431' title='bbox 2195 789 2231 818; x_wconf 89' lang='lat'><strong>25</strong></span> <span class='ocrx_word' id='word_1_432' title='bbox 2246 789 2313 819; x_wconf 90' lang='lat' dir='ltr'><strong>Oct.</strong></span> 
     </span>
     <span class='ocr_line' id='line_1_75' title="bbox 1599 822 2322 861; baseline 0.015 -11"><span class='ocrx_word' id='word_1_433' title='bbox 1599 822 1677 858; x_wconf 85' lang='lat' dir='ltr'><strong>(Inn.</strong></span> <span class='ocrx_word' id='word_1_434' title='bbox 1701 823 1743 852; x_wconf 92' lang='lat' dir='ltr'><strong>1v</strong></span> <span class='ocrx_word' id='word_1_435' title='bbox 1764 826 1861 861; x_wconf 81' lang='lat'><strong>6048).</strong></span> <span class='ocrx_word' id='word_1_436' title='bbox 2318 835 2322 839; x_wconf 77' lang='grc'><strong>’</strong></span> 
     </span>
     <span class='ocr_line' id='line_1_76' title="bbox 1596 866 2314 912; baseline 0.018 -17"><span class='ocrx_word' id='word_1_437' title='bbox 1596 866 1622 895; x_wconf 89' lang='lat' dir='ltr'><strong>R</strong></span> <span class='ocrx_word' id='word_1_438' title='bbox 1636 877 1653 895; x_wconf 96' lang='lat' dir='ltr'><strong>o</strong></span> <span class='ocrx_word' id='word_1_439' title='bbox 1665 878 1695 896; x_wconf 91' lang='lat' dir='ltr'>m</span> <span class='ocrx_word' id='word_1_440' title='bbox 1708 878 1726 896; x_wconf 90' lang='lat' dir='ltr'><strong>a</strong></span> <span class='ocrx_word' id='word_1_441' title='bbox 1738 878 1757 897; x_wconf 92' lang='lat' dir='ltr'><strong>n</strong></span> <span class='ocrx_word' id='word_1_442' title='bbox 1770 879 1789 898; x_wconf 93' lang='lat' dir='ltr'><strong>u</strong></span> <span class='ocrx_word' id='word_1_443' title='bbox 1802 880 1815 898; x_wconf 87' lang='lat' dir='ltr'><strong>s</strong></span> <span class='ocrx_word' id='word_1_444' title='bbox 1838 870 2062 908; x_wconf 86' lang='lat' dir='ltr'><strong>Bonaventura,</strong></span> <span class='ocrx_word' id='word_1_445' title='bbox 2081 876 2195 912; x_wconf 87' lang='lat' dir='ltr'><strong>generis</strong></span> <span class='ocrx_word' id='word_1_446' title='bbox 2208 877 2314 908; x_wconf 90' lang='lat' dir='ltr'><strong>nobili—</strong></span> 
     </span>
     <span class='ocr_line' id='line_1_77' title="bbox 1596 913 2309 953; baseline 0.02 -14"><span class='ocrx_word' id='word_1_447' title='bbox 1596 914 1660 940; x_wconf 86' lang='lat' dir='ltr'><strong>tate</strong></span> <span class='ocrx_word' id='word_1_448' title='bbox 1677 913 1863 951; x_wconf 85' lang='lat' dir='ltr'><strong>conspicuus,</strong></span> <span class='ocrx_word' id='word_1_449' title='bbox 1890 914 1953 953; x_wconf 86' lang='lat' dir='ltr'><strong>jam</strong></span> <span class='ocrx_word' id='word_1_450' title='bbox 1978 917 2012 945; x_wconf 91' lang='lat' dir='ltr'><strong>el.</strong></span> <span class='ocrx_word' id='word_1_451' title='bbox 2031 917 2172 949; x_wconf 89' lang='lat' dir='ltr'><strong>Portuen.</strong></span> <span class='ocrx_word' id='word_1_452' title='bbox 2191 931 2217 951; x_wconf 87' lang='lat' dir='ltr'><strong>a.</strong></span> <span class='ocrx_word' id='word_1_453' title='bbox 2238 923 2309 953; x_wconf 87' lang='lat'>1231</span> 
     </span>
     <span class='ocr_line' id='line_1_78' title="bbox 1597 955 2310 1003; baseline 0.021 -20"><span class='ocrx_word' id='word_1_454' title='bbox 1597 955 1677 991; x_wconf 85' lang='lat' dir='ltr'><strong>(Gre.</strong></span> <span class='ocrx_word' id='word_1_455' title='bbox 1696 956 1742 986; x_wconf 92' lang='lat' dir='ltr'><strong>IX</strong></span> <span class='ocrx_word' id='word_1_456' title='bbox 1758 959 1822 992; x_wconf 85' lang='lat'><strong>622,</strong></span> <span class='ocrx_word' id='word_1_457' title='bbox 1841 960 1904 993; x_wconf 89' lang='grc'><strong>641,</strong></span> <span class='ocrx_word' id='word_1_458' title='bbox 1924 961 2006 995; x_wconf 87' lang='grc'><strong>1409,</strong></span> <span class='ocrx_word' id='word_1_459' title='bbox 2026 963 2107 998; x_wconf 88' lang='grc'><strong>1448,</strong></span> <span class='ocrx_word' id='word_1_460' title='bbox 2127 965 2208 1000; x_wconf 88' lang='grc'><strong>1484,</strong></span> <span class='ocrx_word' id='word_1_461' title='bbox 2228 968 2310 1003; x_wconf 88' lang='grc'><strong>1577,</strong></span> 
     </span>
     <span class='ocr_line' id='line_1_79' title="bbox 1597 1000 2314 1047; baseline 0.018 -19"><span class='ocrx_word' id='word_1_462' title='bbox 1597 1000 1679 1035; x_wconf 88' lang='grc'><strong>1636,</strong></span> <span class='ocrx_word' id='word_1_463' title='bbox 1705 1002 1789 1036; x_wconf 88' lang='grc'><strong>2085,</strong></span> <span class='ocrx_word' id='word_1_464' title='bbox 1817 1003 1900 1038; x_wconf 86' lang='grc'><strong>2109,</strong></span> <span class='ocrx_word' id='word_1_465' title='bbox 1927 1005 2011 1040; x_wconf 88' lang='grc'><strong>2221,</strong></span> <span class='ocrx_word' id='word_1_466' title='bbox 2037 1007 2121 1042; x_wconf 87' lang='grc'><strong>2325,</strong></span> <span class='ocrx_word' id='word_1_467' title='bbox 2148 1010 2249 1047; x_wconf 85' lang='grc'><strong>2424);</strong></span> <span class='ocrx_word' id='word_1_468' title='bbox 2276 1011 2314 1041; x_wconf 77' lang='lat' dir='ltr'><strong>fit</strong></span> 
     </span>
     <span class='ocr_line' id='line_1_80' title="bbox 1595 1043 2309 1086; baseline 0.02 -14"><span class='ocrx_word' id='word_1_469' title='bbox 1595 1043 1710 1082; x_wconf 86' lang='lat' dir='ltr'><strong>legatus</strong></span> <span class='ocrx_word' id='word_1_470' title='bbox 1745 1045 1775 1074; x_wconf 93' lang='lat' dir='ltr'><strong>in</strong></span> <span class='ocrx_word' id='word_1_471' title='bbox 1812 1047 1937 1077; x_wconf 83' lang='lat' dir='ltr'><strong>Francia</strong></span> <span class='ocrx_word' id='word_1_472' title='bbox 1973 1053 2004 1078; x_wconf 85' lang='lat' dir='ltr'><strong>et</strong></span> <span class='ocrx_word' id='word_1_473' title='bbox 2040 1051 2198 1083; x_wconf 84' lang='lat' dir='ltr'><strong>Provincia</strong></span> <span class='ocrx_word' id='word_1_474' title='bbox 2236 1057 2309 1086; x_wconf 93' lang='lat'><strong>1225</strong></span> 
     </span>
     <span class='ocr_line' id='line_1_81' title="bbox 1595 1087 2307 1132; baseline 0.02 -16"><span class='ocrx_word' id='word_1_475' title='bbox 1595 1087 1679 1118; x_wconf 89' lang='lat' dir='ltr'><strong>Febr.</strong></span> <span class='ocrx_word' id='word_1_476' title='bbox 1701 1091 1735 1118; x_wconf 90' lang='lat'><strong>12</strong></span> <span class='ocrx_word' id='word_1_477' title='bbox 1754 1101 1788 1119; x_wconf 85' lang='lat' dir='ltr'><strong>ac</strong></span> <span class='ocrx_word' id='word_1_478' title='bbox 1806 1092 1823 1120; x_wconf 88' lang='grc'>8</span> <span class='ocrx_word' id='word_1_479' title='bbox 1841 1091 1946 1121; x_wconf 88' lang='lat' dir='ltr'><strong>diebus</strong></span> <span class='ocrx_word' id='word_1_480' title='bbox 1964 1098 2033 1132; x_wconf 88' lang='lat' dir='ltr'><strong>post</strong></span> <span class='ocrx_word' id='word_1_481' title='bbox 2051 1098 2217 1128; x_wconf 88' lang='lat' dir='ltr'><strong>commend.</strong></span> <span class='ocrx_word' id='word_1_482' title='bbox 2238 1101 2307 1130; x_wconf 88' lang='lat' dir='ltr'><strong>eccl.</strong></span> 
     </span>
     <span class='ocr_line' id='line_1_82' title="bbox 1593 1132 2310 1182; baseline 0.02 -21"><span class='ocrx_word' id='word_1_483' title='bbox 1593 1142 1615 1161; x_wconf 89' lang='lat' dir='ltr'><strong>s.</strong></span> <span class='ocrx_word' id='word_1_484' title='bbox 1630 1132 1775 1172; x_wconf 83' lang='lat' dir='ltr'><strong>Stephani</strong></span> <span class='ocrx_word' id='word_1_485' title='bbox 1785 1135 1815 1164; x_wconf 88' lang='lat' dir='ltr'><strong>in</strong></span> <span class='ocrx_word' id='word_1_486' title='bbox 1827 1135 1856 1165; x_wconf 84' lang='lat' dir='ltr'><strong>C.</strong></span> <span class='ocrx_word' id='word_1_487' title='bbox 1870 1136 1909 1166; x_wconf 88' lang='lat' dir='ltr'><strong>M.</strong></span> <span class='ocrx_word' id='word_1_488' title='bbox 1922 1137 2014 1174; x_wconf 89' lang='lat' dir='ltr'><strong>(Hon.</strong></span> <span class='ocrx_word' id='word_1_489' title='bbox 2027 1139 2075 1168; x_wconf 91' lang='lat' dir='ltr'><strong>III</strong></span> <span class='ocrx_word' id='word_1_490' title='bbox 2085 1143 2161 1171; x_wconf 89' lang='grc'><strong>5303</strong></span> <span class='ocrx_word' id='word_1_491' title='bbox 2171 1147 2201 1172; x_wconf 84' lang='lat' dir='ltr'><strong>et</strong></span> <span class='ocrx_word' id='word_1_492' title='bbox 2211 1146 2310 1182; x_wconf 85' lang='lat'><strong>5352).</strong></span> 
     </span>
     <span class='ocr_line' id='line_1_83' title="bbox 1591 1177 2311 1222; baseline 0.019 -17"><span class='ocrx_word' id='word_1_493' title='bbox 1591 1177 1613 1205; x_wconf 92' lang='lat' dir='ltr'>T</span> <span class='ocrx_word' id='word_1_494' title='bbox 1627 1177 1645 1205; x_wconf 92' lang='lat' dir='ltr'><strong>h</strong></span> <span class='ocrx_word' id='word_1_495' title='bbox 1659 1188 1676 1206; x_wconf 95' lang='lat' dir='ltr'><strong>o</strong></span> <span class='ocrx_word' id='word_1_496' title='bbox 1689 1189 1718 1207; x_wconf 88' lang='lat' dir='ltr'>m</span> <span class='ocrx_word' id='word_1_497' title='bbox 1731 1189 1749 1207; x_wconf 88' lang='lat' dir='ltr'><strong>a</strong></span> <span class='ocrx_word' id='word_1_498' title='bbox 1762 1190 1775 1208; x_wconf 88' lang='lat' dir='ltr'><strong>s</strong></span> <span class='ocrx_word' id='word_1_499' title='bbox 1798 1179 1834 1209; x_wconf 90' lang='lat' dir='ltr'><strong>de</strong></span> <span class='ocrx_word' id='word_1_500' title='bbox 1858 1180 2016 1220; x_wconf 83' lang='lat' dir='ltr'><strong>Episcopo,</strong></span> <span class='ocrx_word' id='word_1_501' title='bbox 2041 1184 2092 1222; x_wconf 85' lang='lat' dir='ltr'><strong>qui</strong></span> <span class='ocrx_word' id='word_1_502' title='bbox 2115 1186 2213 1216; x_wconf 88' lang='lat' dir='ltr'><strong>adhuc</strong></span> <span class='ocrx_word' id='word_1_503' title='bbox 2238 1190 2311 1219; x_wconf 91' lang='lat'><strong>1216</strong></span> 
     </span>
     <span class='ocr_line' id='line_1_84' title="bbox 1593 1221 2307 1269; baseline 0.02 -20"><span class='ocrx_word' id='word_1_504' title='bbox 1593 1221 1678 1251; x_wconf 82' lang='lat' dir='ltr'><strong>Febr.</strong></span> <span class='ocrx_word' id='word_1_505' title='bbox 1715 1224 1749 1252; x_wconf 88' lang='grc'><strong>18</strong></span> <span class='ocrx_word' id='word_1_506' title='bbox 1781 1224 1816 1253; x_wconf 93' lang='grc'><strong>81.</strong></span> <span class='ocrx_word' id='word_1_507' title='bbox 1852 1226 1923 1261; x_wconf 92' lang='lat' dir='ltr'><strong>(non</strong></span> <span class='ocrx_word' id='word_1_508' title='bbox 1956 1230 2060 1265; x_wconf 86' lang='lat' dir='ltr'><strong>aepus)</strong></span> <span class='ocrx_word' id='word_1_509' title='bbox 2094 1229 2219 1269; x_wconf 86' lang='lat' dir='ltr'><strong>Neapol.</strong></span> <span class='ocrx_word' id='word_1_510' title='bbox 2253 1238 2307 1268; x_wconf 85' lang='lat' dir='ltr'><strong>est,</strong></span> 
     </span>
     <span class='ocr_line' id='line_1_85' title="bbox 1591 1266 2309 1307; baseline 0.018 -13"><span class='ocrx_word' id='word_1_511' title='bbox 1591 1266 1682 1303; x_wconf 86' lang='lat' dir='ltr'><strong>paulo</strong></span> <span class='ocrx_word' id='word_1_512' title='bbox 1695 1271 1765 1305; x_wconf 91' lang='lat' dir='ltr'><strong>post</strong></span> <span class='ocrx_word' id='word_1_513' title='bbox 1779 1268 1816 1297; x_wconf 80' lang='lat' dir='ltr'><strong>fit</strong></span> <span class='ocrx_word' id='word_1_514' title='bbox 1829 1269 1960 1307; x_wconf 87' lang='lat' dir='ltr'><strong>primum</strong></span> <span class='ocrx_word' id='word_1_515' title='bbox 1974 1281 1996 1300; x_wconf 90' lang='lat' dir='ltr'><strong>s.</strong></span> <span class='ocrx_word' id='word_1_516' title='bbox 2012 1272 2124 1303; x_wconf 87' lang='lat' dir='ltr'><strong>Mariae</strong></span> <span class='ocrx_word' id='word_1_517' title='bbox 2138 1274 2168 1304; x_wconf 91' lang='lat' dir='ltr'><strong>in</strong></span> <span class='ocrx_word' id='word_1_518' title='bbox 2183 1276 2232 1305; x_wconf 87' lang='lat' dir='ltr'><strong>via</strong></span> <span class='ocrx_word' id='word_1_519' title='bbox 2247 1278 2309 1307; x_wconf 82' lang='lat' dir='ltr'><strong>lata</strong></span> 
     </span>
     <span class='ocr_line' id='line_1_86' title="bbox 1591 1309 2307 1357; baseline 0.02 -19"><span class='ocrx_word' id='word_1_520' title='bbox 1591 1309 1667 1340; x_wconf 91' lang='lat' dir='ltr'><strong>diac.</strong></span> <span class='ocrx_word' id='word_1_521' title='bbox 1700 1312 1779 1341; x_wconf 89' lang='lat' dir='ltr'><strong>card.</strong></span> <span class='ocrx_word' id='word_1_522' title='bbox 1814 1313 1938 1349; x_wconf 85' lang='lat' dir='ltr'><strong>(subscr.</strong></span> <span class='ocrx_word' id='word_1_523' title='bbox 1972 1320 2007 1344; x_wconf 91' lang='lat' dir='ltr'><strong>ut</strong></span> <span class='ocrx_word' id='word_1_524' title='bbox 2039 1317 2107 1347; x_wconf 85' lang='lat' dir='ltr'><strong>talis</strong></span> <span class='ocrx_word' id='word_1_525' title='bbox 2138 1318 2201 1357; x_wconf 87' lang='lat' dir='ltr'><strong>jam</strong></span> <span class='ocrx_word' id='word_1_526' title='bbox 2235 1323 2307 1352; x_wconf 84' lang='lat'><strong>1216</strong></span> 
     </span>
     <span class='ocr_line' id='line_1_87' title="bbox 1591 1354 2308 1404; baseline 0.018 -21"><span class='ocrx_word' id='word_1_527' title='bbox 1591 1354 1678 1384; x_wconf 89' lang='lat' dir='ltr'><strong>Mart.</strong></span> <span class='ocrx_word' id='word_1_528' title='bbox 1708 1357 1736 1392; x_wconf 88' lang='lat'><strong>7)</strong></span> <span class='ocrx_word' id='word_1_529' title='bbox 1769 1361 1799 1386; x_wconf 87' lang='lat' dir='ltr'><strong>et</strong></span> <span class='ocrx_word' id='word_1_530' title='bbox 1830 1357 1937 1388; x_wconf 91' lang='lat' dir='ltr'><strong>deinde</strong></span> <span class='ocrx_word' id='word_1_531' title='bbox 1983 1370 2006 1389; x_wconf 93' lang='lat' dir='ltr'><strong>s.</strong></span> <span class='ocrx_word' id='word_1_532' title='bbox 2044 1361 2173 1393; x_wconf 85' lang='lat' dir='ltr'><strong>Sabinae</strong></span> <span class='ocrx_word' id='word_1_533' title='bbox 2211 1366 2308 1404; x_wconf 89' lang='lat' dir='ltr'><strong>presb.</strong></span> 
     </span>
     <span class='ocr_line' id='line_1_88' title="bbox 1591 1399 2307 1449; baseline 0.018 -22"><span class='ocrx_word' id='word_1_534' title='bbox 1591 1399 1714 1435; x_wconf 87' lang='lat' dir='ltr'><strong>(subscr.</strong></span> <span class='ocrx_word' id='word_1_535' title='bbox 1737 1404 1772 1429; x_wconf 90' lang='lat' dir='ltr'><strong>ut</strong></span> <span class='ocrx_word' id='word_1_536' title='bbox 1793 1402 1861 1431; x_wconf 86' lang='lat' dir='ltr'><strong>talis</strong></span> <span class='ocrx_word' id='word_1_537' title='bbox 1880 1402 1944 1441; x_wconf 87' lang='lat' dir='ltr'><strong>jam</strong></span> <span class='ocrx_word' id='word_1_538' title='bbox 1966 1405 2039 1434; x_wconf 89' lang='lat'><strong>1216</strong></span> <span class='ocrx_word' id='word_1_539' title='bbox 2062 1406 2133 1436; x_wconf 88' lang='lat' dir='ltr'><strong>Jun.</strong></span> <span class='ocrx_word' id='word_1_540' title='bbox 2154 1409 2216 1446; x_wconf 90' lang='lat'><strong>13);</strong></span> <span class='ocrx_word' id='word_1_541' title='bbox 2238 1421 2307 1449; x_wconf 86' lang='lat' dir='ltr'><strong>ergo</strong></span> 
     </span>
     <span class='ocr_line' id='line_1_89' title="bbox 1589 1444 2307 1485; baseline 0.019 -14"><span class='ocrx_word' id='word_1_542' title='bbox 1589 1444 1739 1481; x_wconf 88' lang='lat' dir='ltr'><strong>promotio</strong></span> <span class='ocrx_word' id='word_1_543' title='bbox 1768 1445 1795 1474; x_wconf 95' lang='lat' dir='ltr'><strong>S.</strong></span> <span class='ocrx_word' id='word_1_544' title='bbox 1825 1446 1860 1475; x_wconf 88' lang='lat' dir='ltr'><strong>R.</strong></span> <span class='ocrx_word' id='word_1_545' title='bbox 1890 1447 1924 1476; x_wconf 85' lang='lat' dir='ltr'><strong>E.</strong></span> <span class='ocrx_word' id='word_1_546' title='bbox 1952 1449 2150 1481; x_wconf 80' lang='lat' dir='ltr'><strong>cardinalium</strong></span> <span class='ocrx_word' id='word_1_547' title='bbox 2176 1463 2202 1482; x_wconf 87' lang='lat' dir='ltr'><strong>a.</strong></span> <span class='ocrx_word' id='word_1_548' title='bbox 2232 1455 2307 1485; x_wconf 85' lang='lat'><strong>1216</strong></span> 
     </span>
    </p>
   </div>
   <div class='ocr_carea' id='block_1_27' title="bbox 1589 1487 2305 1529">
    <p class='ocr_par' dir='ltr' id='par_1_32' title="bbox 1589 1487 2305 1529">
     <span class='ocr_line' id='line_1_90' title="bbox 1589 1487 2305 1529; baseline 0.02 -14"><span class='ocrx_word' id='word_1_549' title='bbox 1589 1487 1693 1517; x_wconf 84' lang='lat' dir='ltr'><strong>habita</strong></span> <span class='ocrx_word' id='word_1_550' title='bbox 1709 1489 1787 1519; x_wconf 87' lang='lat' dir='ltr'><strong>inter</strong></span> <span class='ocrx_word' id='word_1_551' title='bbox 1805 1492 1840 1519; x_wconf 88' lang='lat'><strong>18</strong></span> <span class='ocrx_word' id='word_1_552' title='bbox 1858 1491 1943 1521; x_wconf 86' lang='lat' dir='ltr'><strong>Febr.</strong></span> <span class='ocrx_word' id='word_1_553' title='bbox 1962 1497 1992 1522; x_wconf 87' lang='lat' dir='ltr'><strong>et</strong></span> <span class='ocrx_word' id='word_1_554' title='bbox 2010 1496 2025 1523; x_wconf 95' lang='grc'><strong>7</strong></span> <span class='ocrx_word' id='word_1_555' title='bbox 2043 1494 2133 1525; x_wconf 86' lang='lat' dir='ltr'><strong>Mart.</strong></span> <span class='ocrx_word' id='word_1_556' title='bbox 2151 1501 2197 1526; x_wconf 88' lang='lat' dir='ltr'><strong>est</strong></span> <span class='ocrx_word' id='word_1_557' title='bbox 2214 1498 2305 1529; x_wconf 82' lang='lat' dir='ltr'><strong>facta.</strong></span> 
     </span>
    </p>
   </div>
   <div class='ocr_carea' id='block_1_28' title="bbox 1579 1541 2305 1982">
    <p class='ocr_par' dir='ltr' id='par_1_33' title="bbox 1585 1541 2305 1759">
     <span class='ocr_line' id='line_1_91' title="bbox 1587 1541 2305 1590; baseline 0.018 -20"><span class='ocrx_word' id='word_1_558' title='bbox 1587 1541 1606 1570; x_wconf 94' lang='lat' dir='ltr'><strong>S</strong></span> <span class='ocrx_word' id='word_1_559' title='bbox 1619 1545 1632 1570; x_wconf 90' lang='lat' dir='ltr'><strong>t</strong></span> <span class='ocrx_word' id='word_1_560' title='bbox 1644 1552 1659 1571; x_wconf 94' lang='lat' dir='ltr'><strong>e</strong></span> <span class='ocrx_word' id='word_1_561' title='bbox 1671 1553 1691 1581; x_wconf 91' lang='lat' dir='ltr'><strong>p</strong></span> <span class='ocrx_word' id='word_1_562' title='bbox 1704 1543 1723 1572; x_wconf 98' lang='lat' dir='ltr'>h</span> <span class='ocrx_word' id='word_1_563' title='bbox 1736 1553 1753 1572; x_wconf 88' lang='lat' dir='ltr'><strong>a</strong></span> <span class='ocrx_word' id='word_1_564' title='bbox 1766 1554 1785 1572; x_wconf 90' lang='lat' dir='ltr'><strong>n</strong></span> <span class='ocrx_word' id='word_1_565' title='bbox 1798 1554 1817 1573; x_wconf 92' lang='lat' dir='ltr'><strong>u</strong></span> <span class='ocrx_word' id='word_1_566' title='bbox 1830 1555 1843 1573; x_wconf 88' lang='lat' dir='ltr'><strong>s</strong></span> <span class='ocrx_word' id='word_1_567' title='bbox 1885 1545 1922 1574; x_wconf 90' lang='lat' dir='ltr'><strong>de</strong></span> <span class='ocrx_word' id='word_1_568' title='bbox 1965 1547 2079 1583; x_wconf 68' lang='lat' dir='ltr'><strong>Norm„</strong></span> <span class='ocrx_word' id='word_1_569' title='bbox 2123 1551 2305 1590; x_wconf 88' lang='lat' dir='ltr'><strong>archipresb.</strong></span> 
     </span>
     <span class='ocr_line' id='line_1_92' title="bbox 1587 1587 2305 1635; baseline 0.018 -21"><span class='ocrx_word' id='word_1_570' title='bbox 1587 1596 1609 1615; x_wconf 86' lang='lat' dir='ltr'><strong>s.</strong></span> <span class='ocrx_word' id='word_1_571' title='bbox 1625 1587 1716 1622; x_wconf 86' lang='lat' dir='ltr'><strong>Petri,</strong></span> <span class='ocrx_word' id='word_1_572' title='bbox 1733 1589 1807 1618; x_wconf 84' lang='lat'><strong>1246</strong></span> <span class='ocrx_word' id='word_1_573' title='bbox 1821 1599 1860 1618; x_wconf 90' lang='lat' dir='ltr'><strong>m.</strong></span> <span class='ocrx_word' id='word_1_574' title='bbox 1875 1590 1947 1628; x_wconf 92' lang='lat' dir='ltr'><strong>Apr.</strong></span> <span class='ocrx_word' id='word_1_575' title='bbox 1964 1601 2032 1621; x_wconf 90' lang='lat' dir='ltr'><strong>cum</strong></span> <span class='ocrx_word' id='word_1_576' title='bbox 2048 1593 2189 1625; x_wconf 88' lang='lat' dir='ltr'><strong>Rainerio</strong></span> <span class='ocrx_word' id='word_1_577' title='bbox 2204 1597 2239 1634; x_wconf 90' lang='lat' dir='ltr'><strong>(I,</strong></span> <span class='ocrx_word' id='word_1_578' title='bbox 2256 1599 2305 1635; x_wconf 87' lang='lat'><strong>27)</strong></span> 
     </span>
     <span class='ocr_line' id='line_1_93' title="bbox 1587 1630 2303 1679; baseline 0.018 -20"><span class='ocrx_word' id='word_1_579' title='bbox 1587 1630 1702 1668; x_wconf 86' lang='lat' dir='ltr'><strong>legatus</strong></span> <span class='ocrx_word' id='word_1_580' title='bbox 1725 1632 1756 1661; x_wconf 89' lang='lat' dir='ltr'><strong>in</strong></span> <span class='ocrx_word' id='word_1_581' title='bbox 1782 1633 1881 1662; x_wconf 88' lang='lat' dir='ltr'><strong>Sicilia</strong></span> <span class='ocrx_word' id='word_1_582' title='bbox 1906 1635 1985 1671; x_wconf 87' lang='lat' dir='ltr'><strong>(Iun.</strong></span> <span class='ocrx_word' id='word_1_583' title='bbox 2011 1636 2054 1665; x_wconf 91' lang='lat' dir='ltr'><strong>IV</strong></span> <span class='ocrx_word' id='word_1_584' title='bbox 2078 1639 2173 1676; x_wconf 90' lang='grc'><strong>1974),</strong></span> <span class='ocrx_word' id='word_1_585' title='bbox 2198 1646 2303 1679; x_wconf 87' lang='lat' dir='ltr'><strong>postea</strong></span> 
     </span>
     <span class='ocr_line' id='line_1_94' title="bbox 1585 1674 2305 1719; baseline 0.018 -16"><span class='ocrx_word' id='word_1_586' title='bbox 1585 1674 1615 1703; x_wconf 89' lang='lat' dir='ltr'><strong>in</strong></span> <span class='ocrx_word' id='word_1_587' title='bbox 1632 1675 1756 1706; x_wconf 87' lang='lat' dir='ltr'><strong>Patrim.</strong></span> <span class='ocrx_word' id='word_1_588' title='bbox 1774 1682 1805 1706; x_wconf 89' lang='lat' dir='ltr'><strong>et</strong></span> <span class='ocrx_word' id='word_1_589' title='bbox 1822 1678 1944 1708; x_wconf 91' lang='lat' dir='ltr'><strong>Ducatu</strong></span> <span class='ocrx_word' id='word_1_590' title='bbox 1962 1680 2101 1719; x_wconf 89' lang='lat' dir='ltr'><strong>(Spolet.)</strong></span> <span class='ocrx_word' id='word_1_591' title='bbox 2118 1693 2152 1712; x_wconf 90' lang='lat' dir='ltr'><strong>ac</strong></span> <span class='ocrx_word' id='word_1_592' title='bbox 2169 1684 2305 1716; x_wconf 89' lang='lat' dir='ltr'><strong>Vicarius</strong></span> 
     </span>
     <span class='ocr_line' id='line_1_95' title="bbox 1586 1719 1894 1759; baseline 0.016 -11"><span class='ocrx_word' id='word_1_593' title='bbox 1586 1719 1675 1749; x_wconf 86' lang='lat' dir='ltr'><strong>Urbis</strong></span> <span class='ocrx_word' id='word_1_594' title='bbox 1697 1721 1727 1757; x_wconf 90' lang='lat' dir='ltr'><strong>(l.</strong></span> <span class='ocrx_word' id='word_1_595' title='bbox 1750 1731 1774 1750; x_wconf 90' lang='lat' dir='ltr'><strong>c.</strong></span> <span class='ocrx_word' id='word_1_596' title='bbox 1799 1723 1894 1759; x_wconf 90' lang='grc'><strong>1987).</strong></span> 
     </span>
    </p>

    <p class='ocr_par' dir='ltr' id='par_1_34' title="bbox 1579 1763 2304 1982">
     <span class='ocr_line' id='line_1_96' title="bbox 1581 1763 2304 1807; baseline 0.018 -15"><span class='ocrx_word' id='word_1_597' title='bbox 1581 1763 1608 1792; x_wconf 88' lang='lat' dir='ltr'><strong>R</strong></span> <span class='ocrx_word' id='word_1_598' title='bbox 1621 1774 1639 1792; x_wconf 94' lang='lat' dir='ltr'><strong>o</strong></span> <span class='ocrx_word' id='word_1_599' title='bbox 1652 1764 1671 1793; x_wconf 97' lang='lat' dir='ltr'><strong>b</strong></span> <span class='ocrx_word' id='word_1_600' title='bbox 1684 1775 1699 1794; x_wconf 87' lang='grc'><strong>8</strong></span> <span class='ocrx_word' id='word_1_601' title='bbox 1711 1775 1725 1794; x_wconf 92' lang='lat' dir='ltr'><strong>r</strong></span> <span class='ocrx_word' id='word_1_602' title='bbox 1738 1769 1751 1794; x_wconf 92' lang='lat' dir='ltr'><strong>t</strong></span> <span class='ocrx_word' id='word_1_603' title='bbox 1763 1776 1783 1795; x_wconf 94' lang='lat' dir='ltr'><strong>u</strong></span> <span class='ocrx_word' id='word_1_604' title='bbox 1796 1777 1810 1795; x_wconf 87' lang='lat' dir='ltr'><strong>s</strong></span> <span class='ocrx_word' id='word_1_605' title='bbox 1846 1766 1996 1798; x_wconf 85' lang='lat' dir='ltr'><strong>Cursonus</strong></span> <span class='ocrx_word' id='word_1_606' title='bbox 2033 1770 2081 1807; x_wconf 91' lang='lat' dir='ltr'><strong>(de</strong></span> <span class='ocrx_word' id='word_1_607' title='bbox 2117 1772 2229 1803; x_wconf 84' lang='lat' dir='ltr'><strong>Corson</strong></span> <span class='ocrx_word' id='word_1_608' title='bbox 2265 1775 2304 1805; x_wconf 90' lang='lat' dir='ltr'><strong>al.</strong></span> 
     </span>
     <span class='ocr_line' id='line_1_97' title="bbox 1585 1807 2302 1857; baseline 0.017 -20"><span class='ocrx_word' id='word_1_609' title='bbox 1585 1807 1728 1844; x_wconf 86' lang='lat' dir='ltr'><strong>Corchon,</strong></span> <span class='ocrx_word' id='word_1_610' title='bbox 1741 1813 1832 1849; x_wconf 89' lang='lat' dir='ltr'><strong>mag.)</strong></span> <span class='ocrx_word' id='word_1_611' title='bbox 1845 1811 1908 1850; x_wconf 85' lang='lat' dir='ltr'><strong>jam</strong></span> <span class='ocrx_word' id='word_1_612' title='bbox 1921 1813 1995 1842; x_wconf 90' lang='grc'><strong>1214</strong></span> <span class='ocrx_word' id='word_1_613' title='bbox 2007 1815 2067 1850; x_wconf 88' lang='lat' dir='ltr'><strong>(vel</strong></span> <span class='ocrx_word' id='word_1_614' title='bbox 2078 1816 2179 1854; x_wconf 85' lang='lat' dir='ltr'><strong>potius</strong></span> <span class='ocrx_word' id='word_1_615' title='bbox 2192 1819 2265 1849; x_wconf 85' lang='lat'>1216</span> <span class='ocrx_word' id='word_1_616' title='bbox 2277 1820 2302 1857; x_wconf 68' lang='grc' dir='ltr'><strong>ἓ)</strong></span> 
     </span>
     <span class='ocr_line' id='line_1_98' title="bbox 1583 1852 2300 1902; baseline 0.018 -21"><span class='ocrx_word' id='word_1_617' title='bbox 1583 1852 1672 1882; x_wconf 87' lang='lat' dir='ltr'><strong>Mart.</strong></span> <span class='ocrx_word' id='word_1_618' title='bbox 1701 1856 1716 1884; x_wconf 97' lang='lat'><strong>7</strong></span> <span class='ocrx_word' id='word_1_619' title='bbox 1745 1859 1779 1884; x_wconf 92' lang='lat' dir='ltr'><strong>ut</strong></span> <span class='ocrx_word' id='word_1_620' title='bbox 1805 1856 1902 1894; x_wconf 88' lang='lat' dir='ltr'><strong>presb.</strong></span> <span class='ocrx_word' id='word_1_621' title='bbox 1931 1857 2013 1887; x_wconf 87' lang='lat' dir='ltr'><strong>card.</strong></span> <span class='ocrx_word' id='word_1_622' title='bbox 2041 1863 2072 1888; x_wconf 90' lang='lat' dir='ltr'><strong>et</strong></span> <span class='ocrx_word' id='word_1_623' title='bbox 2098 1861 2176 1891; x_wconf 87' lang='lat' dir='ltr'><strong>sedis</strong></span> <span class='ocrx_word' id='word_1_624' title='bbox 2202 1867 2300 1902; x_wconf 84' lang='lat' dir='ltr'><strong>apost.</strong></span> 
     </span>
     <span class='ocr_line' id='line_1_99' title="bbox 1584 1896 2034 1939; baseline 0.016 -14"><span class='ocrx_word' id='word_1_625' title='bbox 1584 1896 1699 1935; x_wconf 88' lang='lat' dir='ltr'><strong>legatus</strong></span> <span class='ocrx_word' id='word_1_626' title='bbox 1720 1900 1849 1929; x_wconf 87' lang='lat' dir='ltr'><strong>occurrit</strong></span> <span class='ocrx_word' id='word_1_627' title='bbox 1870 1901 1914 1937; x_wconf 93' lang='lat' dir='ltr'><strong>(P.</strong></span> <span class='ocrx_word' id='word_1_628' title='bbox 1938 1903 2034 1939; x_wconf 88' lang='grc'><strong>4903).</strong></span> 
     </span>
     <span class='ocr_line' id='line_1_100' title="bbox 1579 1941 2302 1982; baseline 0.017 -12"><span class='ocrx_word' id='word_1_629' title='bbox 1579 1941 1950 1975; x_wconf 87' lang='lat' dir='ltr'><strong>Aldebrandinus</strong></span> <span class='ocrx_word' id='word_1_630' title='bbox 1988 1947 2026 1976; x_wconf 86' lang='lat' dir='ltr'><strong>fit</strong></span> <span class='ocrx_word' id='word_1_631' title='bbox 2041 1948 2088 1978; x_wconf 88' lang='lat' dir='ltr'><strong>tit.</strong></span> <span class='ocrx_word' id='word_1_632' title='bbox 2105 1959 2128 1979; x_wconf 88' lang='lat' dir='ltr'><strong>s.</strong></span> <span class='ocrx_word' id='word_1_633' title='bbox 2148 1949 2302 1982; x_wconf 84' lang='lat' dir='ltr'><strong>Susannae</strong></span> 
     </span>
    </p>
   </div>
   <div class='ocr_carea' id='block_1_29' title="bbox 1580 2029 2299 2255">
    <p class='ocr_par' dir='ltr' id='par_1_35' title="bbox 1581 2029 2298 2115">
     <span class='ocr_line' id='line_1_101' title="bbox 1584 2029 2298 2076; baseline 0.015 -17"><span class='ocrx_word' id='word_1_634' title='bbox 1584 2029 1723 2061; x_wconf 86' lang='lat' dir='ltr'><strong>Sabinen.</strong></span> <span class='ocrx_word' id='word_1_635' title='bbox 1748 2037 1851 2062; x_wconf 88' lang='lat' dir='ltr'><strong>autem</strong></span> <span class='ocrx_word' id='word_1_636' title='bbox 1877 2035 1948 2064; x_wconf 88' lang='lat'><strong>1221</strong></span> <span class='ocrx_word' id='word_1_637' title='bbox 1974 2035 2046 2074; x_wconf 91' lang='lat' dir='ltr'><strong>Apr.</strong></span> <span class='ocrx_word' id='word_1_638' title='bbox 2072 2038 2108 2066; x_wconf 90' lang='lat'><strong>13</strong></span> <span class='ocrx_word' id='word_1_639' title='bbox 2132 2039 2224 2076; x_wconf 91' lang='lat' dir='ltr'><strong>(Hon.</strong></span> <span class='ocrx_word' id='word_1_640' title='bbox 2250 2041 2298 2070; x_wconf 91' lang='lat' dir='ltr'><strong>III</strong></span> 
     </span>
     <span class='ocr_line' id='line_1_102' title="bbox 1581 2075 1893 2115; baseline 0.016 -12"><span class='ocrx_word' id='word_1_641' title='bbox 1581 2075 1665 2110; x_wconf 89' lang='grc'><strong>2096,</strong></span> <span class='ocrx_word' id='word_1_642' title='bbox 1687 2077 1772 2111; x_wconf 89' lang='grc'><strong>2279,</strong></span> <span class='ocrx_word' id='word_1_643' title='bbox 1795 2079 1893 2115; x_wconf 87' lang='grc'><strong>3241).</strong></span> 
     </span>
    </p>

    <p class='ocr_par' dir='ltr' id='par_1_36' title="bbox 1580 2118 2299 2255">
     <span class='ocr_line' id='line_1_103' title="bbox 1580 2118 2298 2167; baseline 0.017 -20"><span class='ocrx_word' id='word_1_644' title='bbox 1580 2118 1602 2148; x_wconf 85' lang='lat' dir='ltr'>C</span> <span class='ocrx_word' id='word_1_645' title='bbox 1614 2129 1632 2148; x_wconf 92' lang='grc' dir='ltr'>ο</span> <span class='ocrx_word' id='word_1_646' title='bbox 1644 2130 1664 2148; x_wconf 85' lang='grc' dir='ltr'><strong>ιι</strong></span> <span class='ocrx_word' id='word_1_647' title='bbox 1676 2130 1691 2149; x_wconf 89' lang='lat' dir='ltr'><strong>r</strong></span> <span class='ocrx_word' id='word_1_648' title='bbox 1702 2131 1720 2149; x_wconf 91' lang='lat' dir='ltr'><strong>a</strong></span> <span class='ocrx_word' id='word_1_649' title='bbox 1731 2121 1751 2150; x_wconf 93' lang='lat' dir='ltr'><strong>d</strong></span> <span class='ocrx_word' id='word_1_650' title='bbox 1766 2132 1785 2150; x_wconf 94' lang='lat' dir='ltr'><strong>u</strong></span> <span class='ocrx_word' id='word_1_651' title='bbox 1797 2132 1811 2151; x_wconf 87' lang='lat' dir='ltr'><strong>s</strong></span> <span class='ocrx_word' id='word_1_652' title='bbox 1839 2122 1875 2151; x_wconf 91' lang='lat' dir='ltr'><strong>de</strong></span> <span class='ocrx_word' id='word_1_653' title='bbox 1904 2123 2013 2159; x_wconf 87' lang='lat' dir='ltr'><strong>Urach‚</strong></span> <span class='ocrx_word' id='word_1_654' title='bbox 2043 2135 2069 2155; x_wconf 87' lang='lat' dir='ltr'><strong>a.</strong></span> <span class='ocrx_word' id='word_1_655' title='bbox 2101 2127 2174 2156; x_wconf 91' lang='lat'><strong>1219</strong></span> <span class='ocrx_word' id='word_1_656' title='bbox 2202 2139 2298 2167; x_wconf 87' lang='lat' dir='ltr'><strong>prom.</strong></span> 
     </span>
     <span class='ocr_line' id='line_1_104' title="bbox 1580 2165 2299 2211; baseline 0.015 -19"><span class='ocrx_word' id='word_1_657' title='bbox 1580 2167 1651 2193; x_wconf 83' lang='lat' dir='ltr'><strong>ante</strong></span> <span class='ocrx_word' id='word_1_658' title='bbox 1671 2165 1709 2193; x_wconf 89' lang='grc'><strong>24</strong></span> <span class='ocrx_word' id='word_1_659' title='bbox 1732 2165 1793 2195; x_wconf 91' lang='lat' dir='ltr'><strong>Jul.</strong></span> <span class='ocrx_word' id='word_1_660' title='bbox 1817 2171 1847 2195; x_wconf 87' lang='lat' dir='ltr'><strong>et</strong></span> <span class='ocrx_word' id='word_1_661' title='bbox 1864 2177 1943 2197; x_wconf 90' lang='lat' dir='ltr'><strong>cons.</strong></span> <span class='ocrx_word' id='word_1_662' title='bbox 1958 2178 1975 2197; x_wconf 92' lang='lat' dir='ltr'><strong>a</strong></span> <span class='ocrx_word' id='word_1_663' title='bbox 1991 2168 2019 2198; x_wconf 91' lang='lat' dir='ltr'><strong>S.</strong></span> <span class='ocrx_word' id='word_1_664' title='bbox 2033 2170 2066 2199; x_wconf 91' lang='lat' dir='ltr'><strong>P.</strong></span> <span class='ocrx_word' id='word_1_665' title='bbox 2080 2175 2152 2200; x_wconf 89' lang='lat' dir='ltr'><strong>ante</strong></span> <span class='ocrx_word' id='word_1_666' title='bbox 2164 2173 2200 2202; x_wconf 89' lang='lat'><strong>27</strong></span> <span class='ocrx_word' id='word_1_667' title='bbox 2216 2172 2299 2211; x_wconf 85' lang='lat' dir='ltr'><strong>Sept.</strong></span> 
     </span>
     <span class='ocr_line' id='line_1_105' title="bbox 1581 2207 2299 2255; baseline 0.015 -19"><span class='ocrx_word' id='word_1_668' title='bbox 1581 2207 1672 2244; x_wconf 87' lang='lat' dir='ltr'><strong>(Hon.</strong></span> <span class='ocrx_word' id='word_1_669' title='bbox 1688 2209 1735 2238; x_wconf 90' lang='lat' dir='ltr'><strong>III</strong></span> <span class='ocrx_word' id='word_1_670' title='bbox 1750 2210 1823 2249; x_wconf 81' lang='lat' dir='ltr'><strong>Reg.</strong></span> <span class='ocrx_word' id='word_1_671' title='bbox 1837 2213 1912 2241; x_wconf 91' lang='grc'><strong>5669</strong></span> <span class='ocrx_word' id='word_1_672' title='bbox 1926 2216 1957 2241; x_wconf 91' lang='lat' dir='ltr'><strong>et</strong></span> <span class='ocrx_word' id='word_1_673' title='bbox 1966 2213 2062 2243; x_wconf 88' lang='lat' dir='ltr'><strong>Press.</strong></span> <span class='ocrx_word' id='word_1_674' title='bbox 2077 2218 2099 2244; x_wconf 90' lang='lat' dir='ltr'><strong>t.</strong></span> <span class='ocrx_word' id='word_1_675' title='bbox 2113 2215 2127 2244; x_wconf 94' lang='lat' dir='ltr'>I</span> <span class='ocrx_word' id='word_1_676' title='bbox 2138 2226 2206 2255; x_wconf 88' lang='lat' dir='ltr'><strong>pag.</strong></span> <span class='ocrx_word' id='word_1_677' title='bbox 2220 2218 2299 2255; x_wconf 91' lang='lat'><strong>160).</strong></span> 
     </span>
    </p>
   </div>
   <div class='ocr_carea' id='block_1_30' title="bbox 1573 2260 2298 2705">
    <p class='ocr_par' dir='ltr' id='par_1_37' title="bbox 1575 2260 2298 2436">
     <span class='ocr_line' id='line_1_106' title="bbox 1576 2260 2298 2307; baseline 0.015 -18"><span class='ocrx_word' id='word_1_678' title='bbox 1576 2260 1604 2290; x_wconf 92' lang='lat' dir='ltr'>N</span> <span class='ocrx_word' id='word_1_679' title='bbox 1616 2261 1626 2290; x_wconf 87' lang='lat' dir='ltr'><strong>i</strong></span> <span class='ocrx_word' id='word_1_680' title='bbox 1638 2271 1654 2290; x_wconf 94' lang='lat' dir='ltr'><strong>c</strong></span> <span class='ocrx_word' id='word_1_681' title='bbox 1666 2272 1683 2291; x_wconf 96' lang='lat' dir='ltr'><strong>o</strong></span> <span class='ocrx_word' id='word_1_682' title='bbox 1696 2263 1704 2291; x_wconf 95' lang='grc'><strong>1</strong></span> <span class='ocrx_word' id='word_1_683' title='bbox 1718 2273 1736 2292; x_wconf 85' lang='grc'><strong>8</strong></span> <span class='ocrx_word' id='word_1_684' title='bbox 1748 2274 1768 2292; x_wconf 89' lang='grc' dir='ltr'><strong>ιι</strong></span> <span class='ocrx_word' id='word_1_685' title='bbox 1780 2274 1794 2293; x_wconf 82' lang='grc' dir='ltr'>ει</span> <span class='ocrx_word' id='word_1_686' title='bbox 1810 2264 1847 2293; x_wconf 86' lang='grc'><strong>(18</strong></span> <span class='ocrx_word' id='word_1_687' title='bbox 1864 2265 2063 2302; x_wconf 86' lang='lat' dir='ltr'><strong>Olaromonte,</strong></span> <span class='ocrx_word' id='word_1_688' title='bbox 2082 2269 2185 2307; x_wconf 89' lang='lat' dir='ltr'><strong>capell.</strong></span> <span class='ocrx_word' id='word_1_689' title='bbox 2206 2269 2234 2300; x_wconf 88' lang='lat' dir='ltr'><strong>S.</strong></span> <span class='ocrx_word' id='word_1_690' title='bbox 2253 2271 2298 2306; x_wconf 88' lang='grc' dir='ltr'><strong>Ρ.,</strong></span> 
     </span>
     <span class='ocr_line' id='line_1_107' title="bbox 1578 2307 2295 2352; baseline 0.014 -18"><span class='ocrx_word' id='word_1_691' title='bbox 1578 2315 1658 2335; x_wconf 91' lang='lat' dir='ltr'><strong>cons.</strong></span> <span class='ocrx_word' id='word_1_692' title='bbox 1673 2317 1690 2335; x_wconf 89' lang='lat' dir='ltr'><strong>a</strong></span> <span class='ocrx_word' id='word_1_693' title='bbox 1706 2307 1734 2337; x_wconf 91' lang='lat' dir='ltr'><strong>S.</strong></span> <span class='ocrx_word' id='word_1_694' title='bbox 1748 2308 1781 2337; x_wconf 92' lang='lat' dir='ltr'><strong>P.</strong></span> <span class='ocrx_word' id='word_1_695' title='bbox 1795 2313 1866 2338; x_wconf 82' lang='lat' dir='ltr'><strong>ante</strong></span> <span class='ocrx_word' id='word_1_696' title='bbox 1879 2311 1915 2339; x_wconf 90' lang='lat'><strong>27</strong></span> <span class='ocrx_word' id='word_1_697' title='bbox 1931 2310 1992 2340; x_wconf 87' lang='lat' dir='ltr'><strong>Jul.</strong></span> <span class='ocrx_word' id='word_1_698' title='bbox 2008 2312 2080 2341; x_wconf 89' lang='grc'><strong>1219</strong></span> <span class='ocrx_word' id='word_1_699' title='bbox 2095 2313 2125 2350; x_wconf 95' lang='grc'><strong>(1.</strong></span> <span class='ocrx_word' id='word_1_700' title='bbox 2140 2324 2164 2342; x_wconf 85' lang='grc'><strong>8.</strong></span> <span class='ocrx_word' id='word_1_701' title='bbox 2179 2314 2202 2349; x_wconf 90' lang='grc' dir='ltr'><strong>Ι,</strong></span> <span class='ocrx_word' id='word_1_702' title='bbox 2217 2316 2295 2352; x_wconf 89' lang='grc'><strong>358).</strong></span> 
     </span>
     <span class='ocr_line' id='line_1_108' title="bbox 1575 2349 2296 2396; baseline 0.014 -17"><span class='ocrx_word' id='word_1_703' title='bbox 1575 2349 1600 2379; x_wconf 97' lang='grc' dir='ltr'>Ο</span> <span class='ocrx_word' id='word_1_704' title='bbox 1613 2350 1621 2379; x_wconf 96' lang='lat' dir='ltr'><strong>l</strong></span> <span class='ocrx_word' id='word_1_705' title='bbox 1634 2350 1643 2379; x_wconf 90' lang='lat' dir='ltr'><strong>i</strong></span> <span class='ocrx_word' id='word_1_706' title='bbox 1656 2361 1675 2379; x_wconf 90' lang='lat' dir='ltr'>v</span> <span class='ocrx_word' id='word_1_707' title='bbox 1688 2362 1704 2380; x_wconf 87' lang='lat' dir='ltr'><strong>e</strong></span> <span class='ocrx_word' id='word_1_708' title='bbox 1715 2351 1751 2381; x_wconf 88' lang='lat' dir='ltr'><strong>ri</strong></span> <span class='ocrx_word' id='word_1_709' title='bbox 1763 2363 1783 2382; x_wconf 90' lang='lat' dir='ltr'><strong>u</strong></span> <span class='ocrx_word' id='word_1_710' title='bbox 1795 2363 1808 2381; x_wconf 89' lang='lat' dir='ltr'><strong>s</strong></span> <span class='ocrx_word' id='word_1_711' title='bbox 1823 2353 1902 2383; x_wconf 83' lang='lat' dir='ltr'><strong>Saxo</strong></span> <span class='ocrx_word' id='word_1_712' title='bbox 1913 2354 2025 2384; x_wconf 89' lang='lat' dir='ltr'><strong>subscr.</strong></span> <span class='ocrx_word' id='word_1_713' title='bbox 2038 2355 2101 2394; x_wconf 88' lang='lat' dir='ltr'><strong>jam</strong></span> <span class='ocrx_word' id='word_1_714' title='bbox 2115 2358 2150 2386; x_wconf 88' lang='lat'><strong>18</strong></span> <span class='ocrx_word' id='word_1_715' title='bbox 2163 2359 2235 2395; x_wconf 90' lang='lat' dir='ltr'><strong>(non</strong></span> <span class='ocrx_word' id='word_1_716' title='bbox 2247 2360 2296 2396; x_wconf 88' lang='grc'><strong>28)</strong></span> 
     </span>
     <span class='ocr_line' id='line_1_109' title="bbox 1580 2393 1980 2436; baseline 0.015 -13"><span class='ocrx_word' id='word_1_717' title='bbox 1580 2393 1661 2433; x_wconf 77' lang='lat' dir='ltr'><strong>Sept.</strong></span> <span class='ocrx_word' id='word_1_718' title='bbox 1686 2397 1759 2426; x_wconf 84' lang='lat'><strong>1225</strong></span> <span class='ocrx_word' id='word_1_719' title='bbox 1781 2397 1811 2434; x_wconf 88' lang='grc'><strong>(1.</strong></span> <span class='ocrx_word' id='word_1_720' title='bbox 1835 2408 1859 2427; x_wconf 81' lang='lat' dir='ltr'><strong>c.</strong></span> <span class='ocrx_word' id='word_1_721' title='bbox 1881 2401 1980 2436; x_wconf 84' lang='lat'><strong>5669).</strong></span> 
     </span>
    </p>

    <p class='ocr_par' dir='ltr' id='par_1_38' title="bbox 1573 2438 2295 2526">
     <span class='ocr_line' id='line_1_110' title="bbox 1573 2438 2295 2482; baseline 0.014 -15"><span class='ocrx_word' id='word_1_722' title='bbox 1573 2438 1729 2470; x_wconf 88' lang='lat' dir='ltr'><strong>addendus</strong></span> <span class='ocrx_word' id='word_1_723' title='bbox 1745 2445 1792 2470; x_wconf 87' lang='lat' dir='ltr'><strong>est</strong></span> <span class='ocrx_word' id='word_1_724' title='bbox 1808 2441 1833 2470; x_wconf 93' lang='lat' dir='ltr'><strong>B</strong></span> <span class='ocrx_word' id='word_1_725' title='bbox 1846 2453 1860 2471; x_wconf 94' lang='lat' dir='ltr'><strong>e</strong></span> <span class='ocrx_word' id='word_1_726' title='bbox 1874 2453 1889 2471; x_wconf 91' lang='lat' dir='ltr'><strong>r</strong></span> <span class='ocrx_word' id='word_1_727' title='bbox 1901 2446 1914 2472; x_wconf 87' lang='lat' dir='ltr'><strong>t</strong></span> <span class='ocrx_word' id='word_1_728' title='bbox 1925 2453 1940 2472; x_wconf 94' lang='lat' dir='ltr'><strong>r</strong></span> <span class='ocrx_word' id='word_1_729' title='bbox 1952 2453 1969 2472; x_wconf 91' lang='lat' dir='ltr'><strong>a</strong></span> <span class='ocrx_word' id='word_1_730' title='bbox 1981 2454 2001 2472; x_wconf 91' lang='lat' dir='ltr'><strong>n</strong></span> <span class='ocrx_word' id='word_1_731' title='bbox 2013 2443 2033 2473; x_wconf 89' lang='lat' dir='ltr'><strong>d</strong></span> <span class='ocrx_word' id='word_1_732' title='bbox 2046 2454 2065 2473; x_wconf 92' lang='grc' dir='ltr'><strong>ιι</strong></span> <span class='ocrx_word' id='word_1_733' title='bbox 2078 2455 2091 2473; x_wconf 89' lang='lat' dir='ltr'><strong>s</strong></span> <span class='ocrx_word' id='word_1_734' title='bbox 2109 2445 2227 2482; x_wconf 88' lang='lat' dir='ltr'><strong>Savelli,</strong></span> <span class='ocrx_word' id='word_1_735' title='bbox 2246 2447 2295 2477; x_wconf 85' lang='lat' dir='ltr'><strong>tit.</strong></span> 
     </span>
     <span class='ocr_line' id='line_1_111' title="bbox 1576 2484 2161 2526; baseline 0.012 -14"><span class='ocrx_word' id='word_1_736' title='bbox 1576 2493 1613 2512; x_wconf 86' lang='lat' dir='ltr'><strong>ss.</strong></span> <span class='ocrx_word' id='word_1_737' title='bbox 1638 2484 1707 2514; x_wconf 89' lang='lat' dir='ltr'><strong>Joh.</strong></span> <span class='ocrx_word' id='word_1_738' title='bbox 1730 2489 1760 2514; x_wconf 90' lang='lat' dir='ltr'><strong>et</strong></span> <span class='ocrx_word' id='word_1_739' title='bbox 1781 2486 1867 2515; x_wconf 88' lang='lat' dir='ltr'><strong>Pauli</strong></span> <span class='ocrx_word' id='word_1_740' title='bbox 1889 2488 1925 2524; x_wconf 90' lang='lat' dir='ltr'><strong>(c.</strong></span> <span class='ocrx_word' id='word_1_741' title='bbox 1950 2489 2161 2526; x_wconf 85' lang='lat'><strong>1219—1223).</strong></span> 
     </span>
    </p>

    <p class='ocr_par' dir='ltr' id='par_1_39' title="bbox 1577 2527 2293 2612">
     <span class='ocr_line' id='line_1_112' title="bbox 1577 2527 2293 2569; baseline 0.013 -13"><span class='ocrx_word' id='word_1_742' title='bbox 1577 2527 1596 2556; x_wconf 87' lang='lat' dir='ltr'><strong>J</strong></span> <span class='ocrx_word' id='word_1_743' title='bbox 1609 2538 1627 2556; x_wconf 96' lang='lat' dir='ltr'><strong>o</strong></span> <span class='ocrx_word' id='word_1_744' title='bbox 1639 2528 1658 2557; x_wconf 95' lang='lat' dir='ltr'>h</span> <span class='ocrx_word' id='word_1_745' title='bbox 1671 2539 1688 2557; x_wconf 91' lang='lat' dir='ltr'><strong>a</strong></span> <span class='ocrx_word' id='word_1_746' title='bbox 1700 2539 1720 2558; x_wconf 90' lang='lat' dir='ltr'><strong>n</strong></span> <span class='ocrx_word' id='word_1_747' title='bbox 1733 2539 1753 2558; x_wconf 89' lang='lat' dir='ltr'><strong>n</strong></span> <span class='ocrx_word' id='word_1_748' title='bbox 1765 2540 1780 2558; x_wconf 90' lang='lat' dir='ltr'><strong>e</strong></span> <span class='ocrx_word' id='word_1_749' title='bbox 1793 2540 1806 2559; x_wconf 91' lang='lat' dir='ltr'><strong>s</strong></span> <span class='ocrx_word' id='word_1_750' title='bbox 1840 2531 1966 2569; x_wconf 86' lang='lat' dir='ltr'><strong>Halgrin</strong></span> <span class='ocrx_word' id='word_1_751' title='bbox 1999 2532 2017 2569; x_wconf 91' lang='lat'>†</span> <span class='ocrx_word' id='word_1_752' title='bbox 2050 2537 2121 2563; x_wconf 84' lang='lat' dir='ltr'><strong>ante</strong></span> <span class='ocrx_word' id='word_1_753' title='bbox 2153 2536 2171 2564; x_wconf 89' lang='lat'><strong>5</strong></span> <span class='ocrx_word' id='word_1_754' title='bbox 2205 2535 2293 2565; x_wconf 84' lang='lat' dir='ltr'><strong>Febr.</strong></span> 
     </span>
     <span class='ocr_line' id='line_1_113' title="bbox 1577 2573 1942 2612; baseline 0.014 -12"><span class='ocrx_word' id='word_1_755' title='bbox 1577 2573 1650 2601; x_wconf 87' lang='grc'><strong>1238</strong></span> <span class='ocrx_word' id='word_1_756' title='bbox 1672 2573 1753 2609; x_wconf 85' lang='lat' dir='ltr'><strong>(Gre.</strong></span> <span class='ocrx_word' id='word_1_757' title='bbox 1777 2574 1823 2603; x_wconf 95' lang='lat' dir='ltr'><strong>IX</strong></span> <span class='ocrx_word' id='word_1_758' title='bbox 1846 2576 1942 2612; x_wconf 88' lang='lat'><strong>4066).</strong></span> 
     </span>
    </p>

    <p class='ocr_par' dir='ltr' id='par_1_40' title="bbox 1574 2615 2292 2705">
     <span class='ocr_line' id='line_1_114' title="bbox 1574 2615 2292 2662; baseline 0.011 -17"><span class='ocrx_word' id='word_1_759' title='bbox 1574 2615 1600 2645; x_wconf 82' lang='lat' dir='ltr'>G</span> <span class='ocrx_word' id='word_1_760' title='bbox 1611 2626 1629 2645; x_wconf 90' lang='lat' dir='ltr'><strong>a</strong></span> <span class='ocrx_word' id='word_1_761' title='bbox 1642 2627 1661 2645; x_wconf 94' lang='lat' dir='ltr'><strong>u</strong></span> <span class='ocrx_word' id='word_1_762' title='bbox 1674 2617 1686 2646; x_wconf 80' lang='lat' dir='ltr'>f</span> <span class='ocrx_word' id='word_1_763' title='bbox 1697 2628 1711 2646; x_wconf 89' lang='lat' dir='ltr'><strong>r</strong></span> <span class='ocrx_word' id='word_1_764' title='bbox 1722 2617 1732 2646; x_wconf 93' lang='lat' dir='ltr'><strong>i</strong></span> <span class='ocrx_word' id='word_1_765' title='bbox 1744 2618 1763 2647; x_wconf 89' lang='lat' dir='ltr'><strong>d</strong></span> <span class='ocrx_word' id='word_1_766' title='bbox 1778 2629 1796 2647; x_wconf 95' lang='lat' dir='ltr'><strong>u</strong></span> <span class='ocrx_word' id='word_1_767' title='bbox 1809 2629 1822 2648; x_wconf 88' lang='lat' dir='ltr'><strong>s</strong></span> <span class='ocrx_word' id='word_1_768' title='bbox 1863 2619 2061 2657; x_wconf 78' lang='lat' dir='ltr'><strong>(Guiffredus)</strong></span> <span class='ocrx_word' id='word_1_769' title='bbox 2095 2621 2207 2658; x_wconf 66' lang='lat' dir='ltr'><strong>Oastil„</strong></span> <span class='ocrx_word' id='word_1_770' title='bbox 2245 2634 2292 2662; x_wconf 85' lang='lat' dir='ltr'><strong>ep.</strong></span> 
     </span>
     <span class='ocr_line' id='line_1_115' title="bbox 1577 2660 2289 2705; baseline 0.011 -16"><span class='ocrx_word' id='word_1_771' title='bbox 1577 2660 1715 2691; x_wconf 86' lang='lat' dir='ltr'><strong>Sabinen.</strong></span> <span class='ocrx_word' id='word_1_772' title='bbox 1740 2662 1803 2700; x_wconf 82' lang='lat' dir='ltr'><strong>jam</strong></span> <span class='ocrx_word' id='word_1_773' title='bbox 1829 2664 1902 2692; x_wconf 85' lang='lat'>1238</span> <span class='ocrx_word' id='word_1_774' title='bbox 1928 2664 1999 2694; x_wconf 82' lang='lat' dir='ltr'><strong>Jun.</strong></span> <span class='ocrx_word' id='word_1_775' title='bbox 2025 2666 2060 2695; x_wconf 89' lang='grc'><strong>27</strong></span> <span class='ocrx_word' id='word_1_776' title='bbox 2087 2666 2116 2702; x_wconf 94' lang='grc'><strong>(1.</strong></span> <span class='ocrx_word' id='word_1_777' title='bbox 2142 2676 2166 2695; x_wconf 92' lang='lat' dir='ltr'><strong>c.</strong></span> <span class='ocrx_word' id='word_1_778' title='bbox 2192 2668 2289 2705; x_wconf 83' lang='lat'><strong>4440).</strong></span> 
     </span>
    </p>
   </div>
   <div class='ocr_carea' id='block_1_31' title="bbox 1569 2713 2290 3018">
    <p class='ocr_par' dir='ltr' id='par_1_41' title="bbox 1571 2713 2290 2884">
     <span class='ocr_line' id='line_1_116' title="bbox 1571 2713 2289 2759; baseline 0.01 -17"><span class='ocrx_word' id='word_1_779' title='bbox 1571 2713 1598 2742; x_wconf 89' lang='lat' dir='ltr'><strong>R</strong></span> <span class='ocrx_word' id='word_1_780' title='bbox 1611 2724 1628 2742; x_wconf 86' lang='lat' dir='ltr'><strong>a</strong></span> <span class='ocrx_word' id='word_1_781' title='bbox 1640 2714 1650 2743; x_wconf 96' lang='lat' dir='ltr'><strong>i</strong></span> <span class='ocrx_word' id='word_1_782' title='bbox 1662 2724 1682 2743; x_wconf 89' lang='lat'><strong>11</strong></span> <span class='ocrx_word' id='word_1_783' title='bbox 1694 2725 1712 2743; x_wconf 86' lang='lat' dir='ltr'><strong>a</strong></span> <span class='ocrx_word' id='word_1_784' title='bbox 1724 2715 1733 2744; x_wconf 96' lang='grc'><strong>1</strong></span> <span class='ocrx_word' id='word_1_785' title='bbox 1746 2715 1765 2744; x_wconf 87' lang='lat' dir='ltr'><strong>d</strong></span> <span class='ocrx_word' id='word_1_786' title='bbox 1778 2725 1797 2744; x_wconf 91' lang='lat' dir='ltr'><strong>u</strong></span> <span class='ocrx_word' id='word_1_787' title='bbox 1810 2725 1823 2744; x_wconf 90' lang='lat' dir='ltr'><strong>s</strong></span> <span class='ocrx_word' id='word_1_788' title='bbox 1872 2726 1887 2745; x_wconf 90' lang='grc'><strong>8</strong></span> <span class='ocrx_word' id='word_1_789' title='bbox 1926 2727 2001 2746; x_wconf 86' lang='lat' dir='ltr'><strong>com.</strong></span> <span class='ocrx_word' id='word_1_790' title='bbox 2044 2717 2171 2756; x_wconf 85' lang='lat' dir='ltr'><strong>Signiae,</strong></span> <span class='ocrx_word' id='word_1_791' title='bbox 2211 2730 2289 2759; x_wconf 88' lang='lat' dir='ltr'><strong>mag.</strong></span> 
     </span>
     <span class='ocr_line' id='line_1_117' title="bbox 1574 2757 2290 2803; baseline 0.011 -17"><span class='ocrx_word' id='word_1_792' title='bbox 1574 2757 1663 2795; x_wconf 90' lang='lat' dir='ltr'><strong>(decr.</strong></span> <span class='ocrx_word' id='word_1_793' title='bbox 1676 2759 1710 2795; x_wconf 73' lang='lat'><strong>2),</strong></span> <span class='ocrx_word' id='word_1_794' title='bbox 1732 2770 1840 2789; x_wconf 88' lang='lat' dir='ltr'><strong>camer.</strong></span> <span class='ocrx_word' id='word_1_795' title='bbox 1865 2760 1894 2789; x_wconf 91' lang='lat' dir='ltr'><strong>S.</strong></span> <span class='ocrx_word' id='word_1_796' title='bbox 1916 2761 1948 2790; x_wconf 93' lang='lat' dir='ltr'><strong>P.</strong></span> <span class='ocrx_word' id='word_1_797' title='bbox 1973 2762 2045 2791; x_wconf 91' lang='grc'><strong>1229</strong></span> <span class='ocrx_word' id='word_1_798' title='bbox 2067 2762 2138 2791; x_wconf 83' lang='lat' dir='ltr'><strong>Maii</strong></span> <span class='ocrx_word' id='word_1_799' title='bbox 2160 2764 2204 2799; x_wconf 89' lang='lat'><strong>10,</strong></span> <span class='ocrx_word' id='word_1_800' title='bbox 2225 2763 2290 2803; x_wconf 84' lang='lat' dir='ltr'><strong>jam</strong></span> 
     </span>
     <span class='ocr_line' id='line_1_118' title="bbox 1572 2802 2285 2844; baseline 0.011 -13"><span class='ocrx_word' id='word_1_801' title='bbox 1572 2802 1607 2831; x_wconf 89' lang='lat' dir='ltr'><strong>el.</strong></span> <span class='ocrx_word' id='word_1_802' title='bbox 1623 2802 1736 2832; x_wconf 80' lang='lat' dir='ltr'><strong>ostien.</strong></span> <span class='ocrx_word' id='word_1_803' title='bbox 1754 2805 1825 2833; x_wconf 88' lang='lat'>1231</span> <span class='ocrx_word' id='word_1_804' title='bbox 1844 2804 1904 2833; x_wconf 89' lang='lat' dir='ltr'><strong>Jul.</strong></span> <span class='ocrx_word' id='word_1_805' title='bbox 1921 2806 1957 2833; x_wconf 90' lang='lat'><strong>22</strong></span> <span class='ocrx_word' id='word_1_806' title='bbox 1973 2806 2002 2842; x_wconf 91' lang='lat' dir='ltr'><strong>(l.</strong></span> <span class='ocrx_word' id='word_1_807' title='bbox 2018 2816 2042 2835; x_wconf 89' lang='lat' dir='ltr'><strong>c.</strong></span> <span class='ocrx_word' id='word_1_808' title='bbox 2058 2807 2123 2841; x_wconf 88' lang='grc'><strong>297,</strong></span> <span class='ocrx_word' id='word_1_809' title='bbox 2140 2809 2204 2843; x_wconf 88' lang='grc'><strong>698,</strong></span> <span class='ocrx_word' id='word_1_810' title='bbox 2220 2809 2285 2844; x_wconf 89' lang='grc'><strong>876,</strong></span> 
     </span>
     <span class='ocr_line' id='line_1_119' title="bbox 1572 2847 1755 2884; baseline 0.005 -9"><span class='ocrx_word' id='word_1_811' title='bbox 1572 2847 1636 2881; x_wconf 87' lang='grc'><strong>924,</strong></span> <span class='ocrx_word' id='word_1_812' title='bbox 1661 2848 1755 2884; x_wconf 89' lang='grc'><strong>1496).</strong></span> 
     </span>
    </p>

    <p class='ocr_par' dir='ltr' id='par_1_42' title="bbox 1569 2890 2286 3018">
     <span class='ocr_line' id='line_1_120' title="bbox 1570 2890 2286 2931; baseline 0.01 -12"><span class='ocrx_word' id='word_1_813' title='bbox 1570 2890 1588 2919; x_wconf 88' lang='lat' dir='ltr'><strong>J</strong></span> <span class='ocrx_word' id='word_1_814' title='bbox 1601 2901 1619 2919; x_wconf 85' lang='lat' dir='ltr'><strong>a</strong></span> <span class='ocrx_word' id='word_1_815' title='bbox 1631 2901 1646 2919; x_wconf 89' lang='lat' dir='ltr'><strong>c</strong></span> <span class='ocrx_word' id='word_1_816' title='bbox 1659 2901 1677 2920; x_wconf 93' lang='lat' dir='ltr'><strong>o</strong></span> <span class='ocrx_word' id='word_1_817' title='bbox 1690 2891 1708 2920; x_wconf 95' lang='lat' dir='ltr'><strong>b</strong></span> <span class='ocrx_word' id='word_1_818' title='bbox 1721 2902 1740 2920; x_wconf 94' lang='lat' dir='ltr'><strong>u</strong></span> <span class='ocrx_word' id='word_1_819' title='bbox 1752 2902 1766 2920; x_wconf 88' lang='lat' dir='ltr'><strong>s</strong></span> <span class='ocrx_word' id='word_1_820' title='bbox 1776 2892 1813 2921; x_wconf 90' lang='lat' dir='ltr'><strong>de</strong></span> <span class='ocrx_word' id='word_1_821' title='bbox 1824 2891 1957 2922; x_wconf 86' lang='lat' dir='ltr'><strong>Vitriaco</strong></span> <span class='ocrx_word' id='word_1_822' title='bbox 1968 2893 1986 2931; x_wconf 85' lang='lat'><strong>†</strong></span> <span class='ocrx_word' id='word_1_823' title='bbox 1996 2897 2067 2923; x_wconf 88' lang='lat' dir='ltr'><strong>ante</strong></span> <span class='ocrx_word' id='word_1_824' title='bbox 2079 2895 2113 2924; x_wconf 87' lang='lat'><strong>19</strong></span> <span class='ocrx_word' id='word_1_825' title='bbox 2127 2895 2188 2925; x_wconf 89' lang='lat' dir='ltr'><strong>Jul.</strong></span> <span class='ocrx_word' id='word_1_826' title='bbox 2202 2897 2286 2926; x_wconf 86' lang='lat'><strong>1241.</strong></span> 
     </span>
     <span class='ocr_line' id='line_1_121' title="bbox 1569 2934 2286 2970; baseline 0.01 -7"><span class='ocrx_word' id='word_1_827' title='bbox 1569 2934 1588 2963; x_wconf 87' lang='lat' dir='ltr'><strong>J</strong></span> <span class='ocrx_word' id='word_1_828' title='bbox 1601 2945 1618 2963; x_wconf 88' lang='lat' dir='ltr'><strong>a</strong></span> <span class='ocrx_word' id='word_1_829' title='bbox 1631 2945 1646 2963; x_wconf 89' lang='lat' dir='ltr'><strong>c</strong></span> <span class='ocrx_word' id='word_1_830' title='bbox 1659 2945 1676 2964; x_wconf 92' lang='grc' dir='ltr'><strong>ο</strong></span> <span class='ocrx_word' id='word_1_831' title='bbox 1689 2935 1708 2964; x_wconf 92' lang='lat' dir='ltr'><strong>b</strong></span> <span class='ocrx_word' id='word_1_832' title='bbox 1720 2946 1739 2964; x_wconf 96' lang='lat' dir='ltr'><strong>u</strong></span> <span class='ocrx_word' id='word_1_833' title='bbox 1752 2946 1765 2964; x_wconf 88' lang='lat' dir='ltr'><strong>s</strong></span> <span class='ocrx_word' id='word_1_834' title='bbox 1777 2935 1813 2965; x_wconf 90' lang='lat' dir='ltr'><strong>de</strong></span> <span class='ocrx_word' id='word_1_835' title='bbox 1825 2937 1981 2966; x_wconf 88' lang='lat' dir='ltr'><strong>Pecoraria</strong></span> <span class='ocrx_word' id='word_1_836' title='bbox 1993 2938 2072 2967; x_wconf 89' lang='lat' dir='ltr'><strong>mitt.</strong></span> <span class='ocrx_word' id='word_1_837' title='bbox 2087 2940 2161 2968; x_wconf 85' lang='lat'>1232</span> <span class='ocrx_word' id='word_1_838' title='bbox 2175 2940 2235 2969; x_wconf 88' lang='lat' dir='ltr'><strong>Jul.</strong></span> <span class='ocrx_word' id='word_1_839' title='bbox 2249 2941 2286 2970; x_wconf 91' lang='grc'><strong>22</strong></span> 
     </span>
     <span class='ocr_line' id='line_1_122' title="bbox 1571 2978 2286 3018; baseline 0.01 -11"><span class='ocrx_word' id='word_1_840' title='bbox 1571 2978 1651 3015; x_wconf 87' lang='lat' dir='ltr'><strong>(Gre.</strong></span> <span class='ocrx_word' id='word_1_841' title='bbox 1674 2979 1719 3008; x_wconf 91' lang='lat' dir='ltr'><strong>IX</strong></span> <span class='ocrx_word' id='word_1_842' title='bbox 1739 2981 1817 3017; x_wconf 88' lang='lat'><strong>830),</strong></span> <span class='ocrx_word' id='word_1_843' title='bbox 1838 2980 1937 3011; x_wconf 83' lang='lat' dir='ltr'><strong>adhuc</strong></span> <span class='ocrx_word' id='word_1_844' title='bbox 1956 2982 1991 3011; x_wconf 85' lang='lat' dir='ltr'><strong>el.</strong></span> <span class='ocrx_word' id='word_1_845' title='bbox 2013 2982 2129 3018; x_wconf 86' lang='lat' dir='ltr'><strong>Praen.,</strong></span> <span class='ocrx_word' id='word_1_846' title='bbox 2150 2983 2180 3012; x_wconf 87' lang='lat' dir='ltr'><strong>in</strong></span> <span class='ocrx_word' id='word_1_847' title='bbox 2200 2984 2286 3014; x_wconf 91' lang='lat' dir='ltr'><strong>Hun—</strong></span> 
     </span>
    </p>
   </div>
   <div class='ocr_carea' id='block_1_32' title="bbox 2103 3036 2122 3067">
    <p class='ocr_par' dir='ltr' id='par_1_43' title="bbox 2103 3036 2122 3067">
     <span class='ocr_line' id='line_1_123' title="bbox 2103 3036 2122 3067; baseline 0 0"><span class='ocrx_word' id='word_1_848' title='bbox 2103 3036 2122 3067; x_wconf 77' lang='lat'><strong>2</strong></span> 
     </span>
    </p>
   </div>
  </div>
 </body>
</html>
