2436 3328
825 165 926 208 App.
949 165 977 199 1.
1001 165 1290 201 mutationes
1311 166 1365 201 ad
1387 168 1487 210 part.
1510 168 1530 201 I
2249 173 2291 204 49

146 263 224 303 8011.
243 263 282 293 12
309 263 398 293 rediit
416 263 455 292 ad
474 263 587 293 Urbem
608 263 749 293 Julianus
767 274 813 302 ep.
834 263 947 293 Ostien.
968 264 1048 294 card.

40 307 253 340 -.ahana
265 307 343 337 vinc.
361 317 493 346 nuncup.
512 318 549 336 ex
568 308 679 342 Janua,
697 308 747 337 cui
762 312 910 338 venerunt
927 308 1049 338 obviam

66 351 151 384 vmd.
167 351 398 390 Andegavensis‚
417 351 661 386 Rechanatensis,
679 362 702 381 s.
720 351 889 388 Clementis,
908 353 1047 382 Parmen-

36 392 119 432 κὰ,
132 395 170 426 de
184 395 308 426 Sabellis
321 399 352 425 et
364 395 402 425 de
415 396 561 425 Columna
574 400 732 434 tamquam
743 396 938 434 particulares
951 396 1048 432 amici,

30 434 122 480 :siqui
140 450 210 470 eum
229 450 323 479 usque
344 439 382 469 ad
403 440 551 478 palatium
571 444 667 478 apost.
689 440 770 478 apud
790 451 813 469 s.
835 441 967 475 Petrum,
990 451 1049 479 quo

38 481 208 525 *primitus
227 483 268 513 ad
290 483 319 513 S.
342 484 374 513 P.
398 484 555 523 equitavit,
579 484 810 513 associaverunt.
853 484 912 514 cfr.
936 484 1044 514 Burch.

68 526 151 559 Diar.
172 527 218 557 ed.
243 527 378 557 Thuasne
398 528 425 563 l,
447 529 511 557 209.
1065 530 1119 558 521

61 574 78 578 ”
144 571 222 610 Sept.
239 571 278 602 27
306 571 425 601 Gabriel
442 572 490 601 tit.
508 582 545 601 ss.
566 572 658 610 Sergii
674 576 705 601 et
722 572 831 601 Bacchi
848 572 945 611 presb.
964 572 1043 602 card.

14 615 217 658 fdps‘Agriensis
236 616 316 654 vulg.
337 626 478 655 nuncup.,
500 616 535 645 O.
556 616 638 650 Min„
659 616 724 645 vita
743 616 865 645 functus
885 620 939 651 est,
961 616 1046 655 cujus

15 666 37 698 Ε
67 659 169 690 anima
189 660 355 699 requiescat
375 660 405 689 in
425 670 507 699 pace.
549 660 582 689 L.
604 670 628 689 c.
650 660 670 689 f.
693 661 757 689 211.
1067 662 1122 690 522

545 733 650 768 1487.

144 793 235 822 Mart.
254 793 274 822 2
304 793 443 823 Julianus
462 803 507 831 ep.
529 793 641 822 Ostien.
662 792 741 821 card.
762 802 784 821 s.
807 792 887 821 Petri
907 793 945 821 ad
965 793 1042 822 vinc.

67 846 198 876 nnncup.
225 837 256 866 in
281 841 394 866 secreto
419 836 593 866 consistorio
618 836 831 874 pronuntiatus
857 841 903 865 est
929 837 1043 875 legatus

67 880 105 910 de
114 881 206 910 latere
215 881 254 910 ad
265 881 427 910 marchiam
437 881 549 910 Ancon.
561 884 591 909 et
601 880 750 914 Venetias,
761 880 813 909 sed
823 891 882 910 non
893 881 951 910 fuit
962 891 1042 910 more

67 924 156 955 solito
186 925 225 954 ad
256 925 403 964 palatium
434 935 521 954 suum
552 934 570 953 a
601 924 723 962 collegio
754 924 833 953 card.
867 925 1039 954 associatus.

67 969 101 999 L.
122 979 147 999 c.
169 969 189 999 f.
211 970 276 999 242.
1065 971 1121 999 523

535 1015 640 1049 1488.

142 1074 214 1103 Jan.
234 1074 273 1104 27
303 1074 350 1103 die
370 1074 458 1103 Dom.
479 1074 552 1103 hora
573 1075 609 1103 24
629 1074 676 1102 vel
698 1074 775 1102 circa
795 1074 875 1103 card.
897 1074 934 1103 de
956 1075 1041 1103 Fuxo

66 1117 193 1148 intravit
211 1118 318 1157 (prima
336 1118 412 1155 vice)
431 1118 543 1147 Urbem
561 1117 592 1146 in
611 1128 707 1156 cappa
726 1122 756 1146 et
774 1118 888 1156 capello
906 1118 1040 1147 cardina-

67 1161 178 1192 laribus
191 1172 244 1201 per
257 1166 375 1201 portam
389 1172 412 1191 s.
427 1162 539 1191 Mariae
553 1162 590 1191 de
605 1162 720 1200 Populo
734 1166 765 1190 et
779 1162 820 1191 ibi
834 1162 989 1191 descendit
1003 1163 1041 1191 ad

65 1205 175 1246 gradus
185 1210 256 1235 ante
266 1206 427 1240 ecclesiam,
449 1206 575 1235 intravit
590 1206 687 1244 primo
703 1206 856 1235 ecclesiam
869 1208 911 1243 (et
922 1206 1040 1243 deinde)

65 1250 228 1281 claustrum
238 1250 302 1287 (ubi
310 1250 520 1289 pernoctavit).
541 1250 597 1279 Die
606 1250 709 1279 Lunae
719 1251 755 1279 28
768 1250 837 1279 Jan.
848 1250 925 1279 circa
936 1251 1040 1280 horam

66 1295 103 1324 14
111 1293 275 1324 cardinales
284 1293 458 1332 inceperunt
468 1294 568 1323 venire
579 1294 618 1323 ad
628 1294 793 1323 claustrum
803 1294 991 1333 praedictum
1001 1295 1040 1324 ad

64 1338 265 1377 recipiendum
276 1338 447 1376 praefatum
457 1338 538 1367 card.
551 1338 588 1367 de
600 1338 685 1367 Fuxo
697 1342 727 1367 et
739 1338 962 1367 associaverunt
974 1349 1042 1368 eum

63 1381 104 1412 ad
118 1382 264 1421 palatim
280 1386 388 1420 apost.,
416 1382 467 1411 ubi
485 1393 502 1411 a
521 1382 549 1411 S.
567 1383 600 1412 P.
618 1393 699 1411 more
715 1382 803 1411 solito
827 1387 965 1421 receptus
981 1387 1039 1418 est;

183 1435 252 1456 eum
267 1426 452 1455 associarunt
473 1437 567 1465 usque
583 1426 621 1455 ad
637 1426 761 1456 domum
777 1426 954 1456 residentiae
970 1437 1041 1456 suae

62 1469 241 1500 Ursinorum
254 1470 393 1500 videlicet
405 1470 436 1499 in
450 1480 557 1509 campo
570 1470 700 1499 Florum.
747 1471 780 1500 L.
796 1481 820 1500 c.
835 1481 864 1509 p.
880 1472 1040 1501 285—288.
1062 1473 1118 1501 524

141 1514 214 1553 Apr.
232 1514 251 1544 8
280 1514 418 1543 Julianus
435 1525 481 1553 ep.
500 1514 613 1544 Ostien.
632 1514 754 1544 veniens
771 1515 808 1544 de
825 1515 881 1544 ciV.
901 1515 1039 1550 Ostiensi,

62 1558 212 1588 nonnullis
231 1558 310 1587 card.
331 1558 362 1587 in
382 1559 563 1588 monasterio
581 1569 604 1588 s.
626 1559 711 1588 Pauli
731 1563 816 1588 extra
837 1559 950 1588 Urbem
970 1570 1038 1589 eum

62 1602 315 1641 exspectantibus,
331 1602 395 1632 aliis
409 1603 436 1632 ei
449 1613 502 1641 per
515 1603 601 1641 plura
616 1603 752 1632 milliaria
766 1603 887 1632 obviam
902 1603 1038 1642 equitan-

62 1645 153 1681 tibus,
171 1646 255 1676 venit
271 1646 345 1676 hora
362 1647 398 1676 24
416 1646 455 1676 ad
472 1647 545 1676 illud
563 1647 777 1676 monasterium
795 1651 826 1676 et
844 1647 882 1676 ab
900 1647 1038 1677 omnibus

62 1689 143 1720 oud.
162 1700 256 1729 usque
274 1690 313 1719 ad
331 1690 455 1720 domum
473 1701 544 1720 suae
563 1691 758 1720 habitationis
777 1691 865 1730 juxta
885 1691 1037 1721 basilicam

61 1732 126 1764 XII
151 1734 256 1774 Apost.
282 1734 320 1764 de
345 1734 426 1764 Urbe
451 1735 615 1764 associatus
640 1739 694 1764 est.
747 1735 779 1764 L.
807 1746 831 1765 0.
859 1746 887 1774 p.
915 1737 979 1765 301.
1058 1737 1114 1766 525

137 1777 218 1807 Juus'
305 1779 412 1808 Petrus
432 1789 469 1808 ss.
492 1779 615 1808 Cosmae
636 1783 667 1808 et
688 1780 776 1809 Dam.
799 1779 874 1809 diac.
897 1780 977 1809 card.
1000 1780 1036 1809 de

62 1820 149 1851 Fuxo
162 1822 281 1852 recessit
295 1833 332 1852 ex
347 1823 427 1852 Urbe
441 1823 538 1852 iturus
553 1823 710 1862 Neapolim
734 1823 911 1853 visitaturus
936 1834 1034 1862 regem

62 1865 186 1904 Neapol.
209 1876 263 1905 pro
284 1867 403 1905 speciali
425 1867 565 1896 amicitia.
610 1867 643 1897 L.
666 1878 691 1896 c.
715 1878 743 1906 p.
767 1869 832 1897 313.
1056 1870 1111 1898 526

136 1910 195 1940 Oct.
217 1910 237 1939 2
270 1910 402 1940 Joannes
424 1911 632 1940 Arcimboldus
654 1911 701 1941 tit.
726 1922 748 1941 s.
773 1912 916 1941 Praxedis
938 1912 1034 1951 presb.

61 1953 141 1983 card.
152 1953 379 1984 Mediolanensis
388 1954 502 1984 Romae
511 1955 650 1994 spiritum
659 1955 789 1985 reddidit
799 1956 940 1991 Creatori,
951 1956 998 1995 cuj
1002 1967 1037 1986 us

61 2007 168 2036 corpus
181 1998 275 2027 altera
287 1998 335 2028 die
348 1998 387 2027 ad
400 1999 552 2028 ecclesiam
565 2010 588 2029 s.
602 2000 763 2038 Augustini
776 2000 937 2029 honorifice
953 2011 1032 2030 asso-

61 2041 173 2071 ciatum
188 2046 242 2072 est.
272 2042 305 2071 L.
321 2053 346 2071 c.
362 2053 391 2081 p.
406 2044 472 2072 314.
520 2043 576 2072 Die
591 2045 627 2073 29
642 2044 709 2073 Oct.
725 2044 755 2072 in
770 2044 820 2073 illa
835 2044 956 2073 ecclesia
971 2044 1036 2083 ejus

60 2086 202 2124 exequiae
223 2086 344 2115 habitae
365 2087 495 2121 fuerunt,
517 2091 548 2116 et
569 2087 690 2126 quidem
710 2088 766 2117 hoc
787 2088 834 2117 die
855 2092 977 2118 tantum
997 2088 1034 2118 de

60 2129 180 2159 licentia
204 2130 232 2159 S.
257 2130 289 2160 P.
313 2135 344 2160 et
366 2141 425 2160 non
447 2141 500 2169 per
522 2141 630 2161 novem
652 2131 723 2166 dies,
747 2137 838 2170 prout
859 2132 924 2161 fieri
946 2133 1034 2164 solet:

59 2173 118 2203 alia
142 2184 223 2203 more
247 2174 335 2204 solito
359 2179 430 2204 sunt
454 2175 622 2205 observata.
671 2176 704 2205 L.
730 2186 755 2205 c.
781 2186 810 2214 p.
836 2177 900 2206 315.
1056 2178 1110 2207 527

135 2217 213 2256 Sept.
230 2218 299 2255 (13),
327 2222 417 2257 prout
430 2223 535 2257 postea
550 2219 588 2248 ad
603 2219 716 2249 Urbem
730 2220 876 2258 scriptum
890 2225 944 2255 est,
961 2221 1035 2250 obiit

58 2261 90 2291 in
103 2261 228 2292 Francia
242 2262 363 2292 Carolus
377 2263 424 2292 tit.
439 2273 461 2292 s.
477 2263 598 2292 Martini
612 2263 708 2302 presb.
723 2264 803 2293 card.
818 2264 1033 2303 Lugdunensis,

59 2305 144 2345 cujus
164 2316 191 2336 a.
213 2316 235 2336 r.
257 2306 275 2336 i.
298 2317 326 2345 p.
347 2324 385 2327 —
406 2307 438 2336 L.
460 2317 485 2336 c.
507 2318 536 2346 p.
558 2309 622 2337 314.
1055 2310 1111 2339 528

133 2350 191 2380 Οα.
206 2350 226 2380 8
250 2350 395 2380 Ascanius
411 2351 439 2380 b.
455 2351 517 2380 Viti
533 2351 562 2380 in
578 2351 702 2381 Macello
724 2351 799 2381 diac.
825 2352 904 2381 card.
924 2352 1034 2382 Sfortia

59 2393 222 2424 vicecomes
245 2394 334 2424 rediit
357 2395 395 2424 ad
421 2395 533 2424 Urbem
559 2406 594 2424 ex
620 2396 756 2434 partibus
780 2396 978 2426 Lombardiae
1003 2401 1034 2426 et

59 2436 204 2476 legatione
225 2448 278 2468 sua
299 2438 479 2468 Bononiensi
500 2450 568 2468 cum
590 2450 698 2478 magna
718 2440 874 2475 comitiva3
896 2445 1032 2479 receptus

59 2481 118 2511 tuit
129 2491 147 2511 a
159 2482 234 2512 duis.
247 2482 327 2512 card.
341 2486 414 2512 tunc
425 2483 456 2512 in
470 2483 550 2513 Urbe
563 2483 760 2513 existentibus
773 2488 858 2513 extra
871 2488 990 2523 portam
1002 2485 1033 2514 in

56 2524 181 2555 diversis
194 2526 273 2562 locis,
288 2527 507 2566 particulariter
521 2531 631 2563 tamen,
651 2538 711 2557 non
725 2528 923 2567 collegialiter,
947 2533 978 2558 et
991 2529 1029 2558 ad

36 2583 40 2587 ¹
58 2568 181 2600 domum
193 2580 279 2600 suam
292 2571 456 2600 associatus
462 2582 469 2606 ;
484 2571 546 2610 ipse
559 2571 607 2601 die
622 2573 658 2601 10
671 2572 698 2601 N
701 2582 748 2601 ov.
765 2573 836 2602 1487
853 2573 897 2609 (2)
913 2573 1032 2602 recessit

57 2623 95 2642 ex
115 2613 196 2643 Urbe
215 2614 416 2645 Mediolanum
436 2615 541 2645 iturus.
583 2616 615 2645 L.
637 2626 661 2645 c.
684 2627 712 2654 p.
735 2618 799 2646 315.
1052 2618 1108 2647 529

132 2658 190 2687 Oct.
206 2658 244 2687 15
269 2659 302 2688 Ρ.
317 2668 355 2688 ss.
372 2659 495 2689 Cosmae
510 2665 541 2689 et
556 2660 644 2689 Dam.
661 2660 736 2689 diac.
753 2660 832 2689 card.
849 2660 886 2689 de
897 2661 982 2690 Fuxo
997 2671 1033 2690 ex

57 2711 147 2740 regno
162 2701 284 2741 Neapol.
300 2702 339 2732 ad
353 2703 465 2733 Urbem
479 2714 614 2733 reversus
629 2708 673 2733 est
689 2708 719 2733 et
734 2704 772 2733 ab
787 2705 937 2743 aliquibus
952 2705 1031 2734 card.

56 2745 276 2784 particulariter
291 2750 402 2782 tamen,
419 2757 479 2777 non
496 2747 694 2786 collegialiter,
713 2753 849 2787 receptus
875 2759 968 2787 usque
993 2749 1032 2778 ad

55 2789 179 2819 domum
198 2800 283 2820 suam
303 2790 465 2820 honorifice
484 2792 648 2821 associatus
667 2797 721 2821 est.
761 2793 793 2822 L.
814 2803 838 2822 c.
860 2803 888 2831 p.
909 2794 974 2822 315.
1053 2795 1110 2822 530

91 2843 93 2845 ’
129 2834 188 2863 Oa.
198 2834 237 2863 26
256 2834 390 2873 Raphael
400 2845 422 2864 s.
435 2835 552 2874 Georgii
561 2836 600 2865 ad
610 2836 710 2865 velum
719 2847 842 2866 aureum
852 2837 927 2866 diac.
938 2837 1029 2871 card.‚

55 2877 116 2907 dni.
132 2888 228 2917 papae
242 2878 430 2914 camerarius,
447 2890 483 2908 ex
499 2880 594 2909 Imola
609 2884 640 2909 et
655 2880 803 2910 Forolivio
818 2881 906 2910 rediit
921 2881 959 2910 ad
975 2881 1030 2910 Ur-

0 2947 4 2950 .
55 2921 133 2957 bem,
151 2922 198 2951 cui
215 2922 314 2952 nullus
330 2922 526 2953 cardinalium
543 2924 663 2953 obviam
681 2924 746 2954 ivit.
783 2925 815 2954 L.
833 2935 858 2954 c.
878 2936 906 2963 p.
926 2926 990 2955 315.
1050 2927 1104 2955 531

108 2981 236 3003 Blesum}
251 2982 359 3003 manum
375 2983 440 3003 medi!
456 2984 516 3004 aevi.
545 2983 586 3005 11.¹

1309 266 1382 295 Nov.
1399 266 1418 295 5
1444 266 1502 295 fuit
1517 267 1726 296 consistorium
1743 272 1899 303 secretum,
1916 269 1947 298 in
1964 280 2023 308 quo
2040 270 2215 300 Franciscus

1232 320 1255 339 s.
1267 310 1422 339 Eustachii
1431 310 1508 340 diac.
1519 311 1599 340 card.
1613 311 1750 340 Senensis
1760 312 1872 341 electus
1882 313 1940 342 fuit
1950 314 2066 352 legatus
2075 315 2112 343 de
2123 315 2214 344 latere

1232 353 1271 383 ad
1289 354 1450 389 Perusiam,
1471 355 1522 394 qui
1540 355 1628 384 finito
1645 356 1820 385 consistorio
1839 357 1877 385 ab
1895 358 2034 388 omnibus
2052 359 2142 394 card.‚
2163 360 2214 398 qui

1232 398 1406 428 consistorio
1427 399 1635 434 interfuerant,
1659 400 1824 429 associatus
1846 405 1890 430 est
1913 412 2007 440 usque
2029 403 2067 432 ad
2089 403 2214 433 domum

1231 452 1302 471 suae
1321 443 1425 472 solitae
1444 443 1649 473 habitationis.
1687 444 1742 473 Die
1762 449 1863 474 autem
1886 447 1917 474 11
1940 446 2016 475 Νον.
2037 448 2158 477 recessit
2177 458 2213 477 ex

1232 486 1313 516 Urbe
1334 487 1373 516 ad
1395 487 1573 526 legationem
1595 488 1770 517 Perusinam
1792 489 1897 524 iturus,
1921 500 1938 519 a
1960 491 2020 519 suis
2042 491 2214 521 domesticis

1231 534 1361 566 tantum,
1381 532 1463 561 nullo
1481 532 1639 567 cardinale,
1660 533 1833 562 associatus.
1871 534 1952 563 Deus
1970 535 2080 573 dirigat
2097 546 2214 574 gressus

1231 585 1299 604 suos
1319 575 1350 604 in
1371 575 1452 605 viam
1472 576 1563 614 pacis.
1605 577 1637 605 L.
1660 587 1684 605 c.
1706 587 1735 615 p.
1758 578 1812 607 317
1835 582 1865 606 et
1885 579 1950 607 318.
2233 583 2289 611 532

1306 619 1373 648 Dec.
1387 620 1406 649 8
1429 620 1540 649 Paulus
1552 621 1599 649 tit.
1614 631 1636 650 s.
1650 621 1828 650 Anastasiae
1841 622 1937 660 presb.
1952 623 2031 652 card.
2049 623 2213 654 Genuensis

1230 663 1314 692 venit
1329 663 1367 692 ad
1382 664 1495 693 Urbem
1510 675 1562 703 per
1576 669 1696 703 portam
1711 665 1739 694 b.
1757 666 1867 694 Mariae
1883 666 1919 695 de
1936 667 2059 705 Populo,
2076 668 2123 697 cui
2138 679 2211 697 non-

1230 707 1303 736 nulli
1313 707 1392 737 card.
1405 708 1526 738 obviam
1536 713 1684 738 venerunt
1694 714 1780 738 extra
1791 715 1910 748 portam
1921 721 1973 749 per
1984 721 2077 741 unum
2089 713 2212 742 milliare

1229 751 1277 780 vel
1291 751 1376 786 circa,
1393 752 1457 781 aliis
1471 763 1539 782 eum
1553 753 1633 782 intra
1647 758 1766 791 portam
1781 755 2040 793 exspectantibus3
2071 766 2088 785 a
2104 757 2212 795 quibus

1230 795 1368 825 omnibus
1380 797 1544 826 associatus
1556 797 1614 826 fuit
1625 808 1719 836 usque
1731 798 1769 827 ad
1782 798 1905 828 domum
1917 799 2111 838 principalem
2123 800 2212 839 juxta

1229 839 1382 869 basilicam
1404 841 1467 869 XII
1489 842 1605 879 Apost,
1629 852 1720 880 quam
1742 842 1901 872 cardinalis
1922 854 1944 872 s.
1969 844 2049 873 Petri
2071 855 2125 883 pro
2147 844 2211 883 ejus

1229 883 1416 913 habitatione
1437 890 1677 923 praeparaverat.
1720 886 1752 915 L.
1775 897 1799 916 c.
1822 897 1850 925 p.
1873 889 1937 917 325.
2231 892 2287 919 533

1704 970 1811 1003 1489.

1305 1026 1377 1055 Nm).
1400 1027 1436 1056 11
1471 1028 1543 1056 feria
1566 1029 1617 1063 IV,
1641 1029 1687 1057 vel
1710 1029 1796 1063 circa,
1821 1029 1909 1058 rediit
1931 1029 1969 1059 ad
1994 1030 2105 1059 Urbem
2128 1031 2207 1060 card.

1227 1080 1250 1099 s.
1266 1070 1357 1099 Marci
1372 1081 1408 1099 ex
1423 1072 1616 1101 Praenestina
1631 1073 1698 1107 civ.,
1715 1073 1744 1101 in
1760 1083 1851 1111 quam
1866 1078 1935 1112 post
1949 1084 2096 1103 recessum
2111 1085 2207 1109 suum,

1227 1118 1343 1143 aestate
1364 1116 1535 1153 praeterita,
1558 1127 1594 1145 ex
1617 1117 1697 1146 Urbe
1719 1118 1847 1146 recessit.
1891 1118 1924 1146 L.
1948 1128 1972 1147 0.
1995 1129 2023 1156 p.
2047 1120 2112 1148 373.
2230 1121 2286 1149 534

1304 1159 1376 1188 Nov.
1392 1160 1430 1188 15
1454 1160 1501 1189 die
1516 1161 1673 1189 Dominica
1688 1161 1717 1190 in
1733 1172 1820 1190 mane
1838 1162 1865 1190 S.
1883 1162 1915 1191 P.
1932 1162 2081 1200 equitavit
2096 1168 2126 1191 et
2141 1173 2209 1192 cum

1227 1213 1262 1231 οο
1286 1203 1366 1232 card.
1392 1214 1414 1232 s.
1441 1204 1617 1234 Anastasiae
1643 1210 1673 1234 et
1698 1205 1747 1234 alii
1773 1216 1866 1244 usque
1892 1206 1929 1234 ad
1956 1206 2088 1235 fluminis
2113 1207 2209 1245 ripam

1227 1247 1491 1283 Transtiberinam,
1522 1249 1573 1277 ubi
1602 1250 1704 1278 navim
1734 1250 1868 1279 ascendit
1898 1250 1994 1279 iturus
2023 1251 2061 1279 ad
2092 1251 2209 1280 Ostiam

1227 1291 1396 1321 Tiberinam
1424 1302 1514 1321 causa
1526 1294 1528 1297 ’
1542 1293 1649 1322 solatii.
1677 1311 1716 1314 ——
1744 1294 1858 1323 Eadem
1886 1294 1933 1323 die
1962 1295 2034 1323 hora
2063 1296 2098 1324 23
2126 1295 2206 1324 card.

1228 1334 1373 1370 Senensis,
1405 1337 1455 1374 qui
1472 1337 1519 1365 die
1533 1338 1592 1374 (11)
1610 1338 1742 1366 anteacti
1765 1338 1944 1367 Novembris
1973 1339 2044 1368 anni
2073 1339 2208 1377 proxime

1225 1380 1379 1417 praeteriti
1400 1391 1436 1409 ex
1458 1381 1539 1410 Urbe
1560 1382 1680 1411 recessit
1702 1383 1854 1411 Perusiam
1876 1383 1981 1417 iturus,
2014 1383 2065 1412 ubi
2093 1383 2208 1422 legatus

1225 1424 1408 1453 constitutus
1425 1429 1498 1460 erat,
1515 1425 1584 1454 inde
1600 1426 1637 1454 de
1654 1437 1754 1455 mense
1771 1427 1898 1465 Augusti
1916 1427 1962 1456 vel
1979 1427 2056 1456 circa
2073 1428 2207 1466 proxime

1224 1468 1387 1506 praeterito
1404 1469 1443 1499 ob
1462 1469 1549 1498 ferias
1568 1470 1651 1499 venit
1669 1471 1812 1505 Romam3
1833 1471 1921 1500 rediit
1939 1482 2007 1500 cum
2026 1471 2129 1510 paucis
2147 1472 2207 1501 suis

1225 1515 1256 1540 et
1270 1522 1329 1541 non
1345 1513 1403 1542 fuit
1418 1524 1435 1542 a
1452 1523 1604 1552 quoquam
1618 1519 1756 1553 receptus
1771 1515 1818 1544 vel
1834 1515 2007 1550 associatus,
2024 1526 2093 1545 cum
2108 1516 2207 1545 nullus

1224 1555 1288 1594 ejus
1301 1557 1415 1586 reditus
1428 1557 1507 1586 diem
1521 1558 1735 1596 praesciverat;
1761 1559 1866 1588 diebus
1892 1563 1994 1589 autem
2011 1560 2206 1598 sequentibus

1224 1600 1386 1630 visitarunt
1410 1612 1478 1631 eum
1504 1602 1583 1631 card.
1610 1603 1776 1637 Aleriensis,
1804 1603 2031 1642 Neapolitanus,
2061 1604 2203 1639 Sabellus,

1225 1644 1244 1673 J
1246 1645 1393 1680 anuensis,
1408 1646 1445 1674 de
1458 1646 1551 1681 Fuxo,
1567 1647 1807 1682 Beneventanus,
1822 1658 1844 1676 s.
1859 1648 1951 1676 Marci
1965 1652 1995 1677 et
2009 1648 2058 1677 alii
2072 1648 2204 1687 quidam.

1221 1706 1260 1709 —
1275 1689 1360 1718 Feria
1377 1690 1419 1718 IV
1440 1690 1487 1719 die
1504 1692 1539 1720 18
1555 1691 1628 1720 dicti
1644 1691 1753 1720 mensis
1769 1692 1846 1721 Nov.
1867 1692 1894 1721 S.
1913 1692 1945 1721 P.
1963 1692 2051 1721 rediit
2067 1703 2103 1721 ex
2120 1692 2205 1721 Ostia

1221 1733 1252 1761 in
1268 1734 1338 1762 navi
1354 1737 1385 1763 et
1400 1744 1469 1763 cum
1484 1745 1519 1763 00
1534 1735 1613 1764 card.
1631 1735 1904 1770 Vicecancellarius,
1922 1747 1944 1765 s.
1964 1736 2043 1765 Petri
2060 1737 2097 1765 ad
2114 1737 2202 1771 vinc.,

1221 1777 1444 1816 Andegavensis
1459 1783 1490 1807 et
1504 1789 1526 1808 s.
1542 1779 1719 1808 Anastasiae
1734 1790 1769 1808 ac
1784 1780 1910 1818 praelati
1926 1781 2126 1819 quamplures.
2156 1780 2203 1809 Ad

1221 1831 1310 1860 quem
1321 1823 1525 1852 venerandum
1536 1823 1608 1852 feria
1619 1823 1661 1852 VI
1673 1824 1720 1853 die
1731 1825 1768 1853 20
1778 1834 1863 1862 prox.
1876 1835 1958 1863 sequ.
1971 1825 2050 1854 card.
2066 1825 2203 1854 Senensis

1220 1870 1290 1895 ante
1308 1866 1411 1895 horam
1428 1867 1594 1896 consistorii
1610 1868 1694 1896 venit
1710 1868 1749 1897 ad
1766 1868 1922 1906 palatium.
1957 1869 1988 1898 L.
2007 1879 2031 1898 c.
2050 1879 2078 1907 p.
2096 1871 2160 1898 370.
2221 1871 2277 1898 535

1692 1941 1791 1975 1491.

1295 1998 1384 2028 Mart.
1402 1999 1440 2027 14
1457 1999 1506 2035 (15
1516 2000 1540 2036 2)
1558 2000 1606 2028 die
1625 2000 1751 2029 Sabbati
1771 2000 1798 2029 S.
1819 2001 1851 2029 P.
1870 2001 1908 2029 ad
1927 2001 1995 2030 eccl.
2016 2001 2200 2030 Praenestin.

1218 2052 1282 2071 vac.
1307 2053 1359 2081 per
1382 2043 1429 2072 ob.
1454 2043 1612 2073 cardinalis
1635 2054 1657 2073 s.
1682 2044 1774 2073 Marci
1798 2045 1955 2073 transtulit
1980 2045 2129 2074 Joannem
2154 2055 2199 2083 ep.

1218 2086 1362 2121 Albanen,
1376 2087 1456 2116 card.
1470 2088 1767 2126 „Andegavensem“,
1781 2093 1812 2117 et
1824 2089 1862 2117 ad
1875 2089 2098 2118 eccl.Albanen.
2112 2089 2202 2118 modo

1217 2131 1370 2168 praedicto
1393 2142 1456 2160 vac.
1481 2132 1633 2170 promovit
1656 2133 1806 2162 Joannem
1829 2133 1876 2162 tit.
1901 2143 1923 2162 s.
1949 2133 2080 2162 Marcelli
2102 2133 2199 2172 presb.

1217 2175 1296 2204 card.
1323 2186 1365 2210 „s.
1390 2176 1525 2214 Angeli“.
1572 2176 1622 2205 AC
1646 2176 1759 2206 Camer.
1786 2177 1808 2211 I,
1835 2177 1854 2206 f.
1882 2178 1925 2206 14.
2219 2179 2275 2207 536

1292 2219 1349 2248 Oct.
1373 2220 1390 2248 7
1420 2224 1567 2249 venerunt
1587 2224 1685 2249 certae
1705 2231 1801 2250 novae
1822 2221 1860 2250 ad
1881 2221 2004 2255 Urbem,
2027 2222 2200 2260 episcopum

1218 2263 1400 2293 Praenestin.
1411 2264 1491 2293 card.
1503 2264 1758 2302 Andegavensem,
1771 2265 1920 2294 marchiae
1930 2266 2044 2294 Ancon.
2057 2266 2198 2304 legatum,

1216 2307 1246 2335 in
1262 2311 1360 2336 castro
1376 2308 1605 2346 Ripatransonis
1621 2309 1698 2337 circa
1714 2309 1819 2338 horam
1834 2310 1851 2338 2
1873 2310 1970 2338 noctis
1995 2310 2127 2338 intrante
2152 2309 2200 2338 die

1216 2351 1352 2380 Mercurii
1367 2354 1384 2381 5
1400 2351 1490 2390 hujus
1505 2352 1584 2381 diem
1599 2353 1738 2382 clausisse
1753 2357 1931 2388 extremum,
1949 2353 2035 2392 cujus
2050 2364 2076 2383 a.
2094 2365 2116 2383 r.
2134 2354 2151 2383 i.
2168 2364 2197 2392 p.

1216 2395 1271 2424 Die
1291 2397 1326 2424 18
1345 2395 1410 2425 Oct.
1431 2400 1502 2425 ante
1520 2397 1624 2426 horam
1642 2397 1760 2435 prandii
1779 2408 1831 2436 per
1849 2402 1970 2436 portam
1989 2408 2011 2427 s.
2032 2398 2143 2427 Mariae
2161 2397 2198 2426 de

1216 2439 1330 2477 Populo
1352 2444 1508 2478 portatum
1531 2441 1589 2470 fuit
1611 2441 1739 2470 cadaver
1762 2441 1789 2470 b.
1815 2452 1853 2470 m.
1879 2442 2007 2471 Joannis
2030 2442 2086 2480 epi.
2111 2443 2197 2471 Prae-

1215 2484 1322 2513 nestin.
1340 2494 1434 2522 usque
1450 2484 1489 2513 ad
1504 2485 1657 2514 ecclesiam
1668 2495 1690 2514 s.
1704 2485 1856 2520 Praxedis,
1869 2485 1900 2514 in
1914 2496 1973 2524 qua
1984 2486 2117 2524 positum
2129 2486 2195 2520 fuit,

1215 2531 1250 2556 ut
1260 2527 1366 2557 deinde
1377 2528 1407 2557 in
1419 2529 1523 2558 eadem
1533 2529 1563 2558 in
1575 2529 1688 2568 capella
1699 2529 1755 2558 sibi
1766 2530 1967 2559 construenda
1978 2530 2147 2568 sepeliatur.
2159 2547 2198 2550 —

1215 2571 1382 2601 Defunctus
1397 2577 1443 2601 est
1458 2573 1504 2602 hic
1519 2573 1598 2602 card.
1615 2573 1728 2612 absque
1743 2584 1786 2608 eo,
1804 2574 1885 2612 quod
1897 2578 2113 2603 testamentum
2129 2584 2196 2603 con-

1214 2615 1335 2651 diderit;
1352 2621 1510 2655 propterea
1525 2617 1625 2646 omnia
1641 2617 1719 2646 bona
1735 2628 1797 2652 sua,
1816 2618 2047 2657 qualiacumque
2063 2618 2194 2653 fuerunt,

1217 2659 1340 2689 Summo
1353 2661 1440 2689 Pont.
1455 2666 1647 2699 praesentata
1660 2666 1731 2690 sunt
1745 2662 1937 2691 ascendentia
1951 2662 1989 2691 ad
2004 2662 2145 2697 valorem,
2161 2666 2196 2691 ut

1214 2704 1303 2742 vulgo
1325 2704 1489 2740 dicebatur,
1516 2707 1637 2740 lO0,000
1659 2705 1736 2740 duc.,
1762 2716 1889 2744 quorum
1913 2708 2008 2735 36000
2030 2706 2076 2735 vel
2099 2707 2195 2735 40000

1214 2748 1336 2777 fuerunt
1349 2749 1379 2777 in
1394 2749 1528 2787 pecunia,
1544 2749 1695 2778 residuum
1709 2750 1739 2778 in
1754 2755 1886 2788 argento,
1905 2750 1986 2779 libris
2000 2755 2031 2779 et
2046 2750 2195 2789 lapidibus

1214 2792 1358 2830 pretiosis,
1387 2793 1494 2831 pannis
1521 2793 1558 2822 de
1586 2793 1679 2822 rascia
1707 2798 1737 2822 et
1765 2794 1837 2823 aliis.
1898 2794 2005 2823 Burch.
2036 2794 2117 2823 Diar.
2147 2794 2192 2823 ed.

1218 2836 1351 2866 Thuasrae
1372 2837 1395 2871 I,
1418 2838 1577 2867 422—431.
2212 2840 2266 2869 537

1288 2881 1345 2910 Oa.
1357 2881 1395 2910 10
1413 2881 1441 2910 S.
1454 2882 1486 2910 P.
1507 2882 1545 2910 ad
1557 2882 1625 2910 eccl.
1639 2882 1820 2911 Praenestin.
1836 2892 1898 2911 vac.
1912 2893 1966 2920 per
1977 2882 2024 2911 ob.
2037 2882 2194 2912 cardinalis

1213 2925 1435 2964 Andegavensis
1452 2926 1606 2955 transtulit
1624 2926 1642 2954 J
1646 2936 1773 2955 oannem
1791 2936 1836 2964 ep.
1855 2926 2004 2955 Albanen.
2022 2930 2053 2956 et
2069 2926 2107 2956 ad
2124 2927 2192 2956 eccl.

2069 2979 2087 3010 7
