2436 3328
675 172 905 208 cardinales
929 172 1004 206 sub
1027 171 1201 206 Martino
1224 171 1258 205 V
1281 172 1322 204 et
1343 170 1521 213 Eugenio
1545 169 1598 203 IV
2236 175 2253 204 7

699 278 728 316 c)
751 276 786 307 in
807 276 894 307 tertia
914 274 1101 316 promotione
1121 273 1170 305 die
1191 273 1210 305 8
1230 273 1309 304 Νου.
1332 272 1412 303 1430
1433 271 1547 303 habita:
1561 273 1584 311 l)

23 342 84 383 ’46)
107 341 246 374 loannes
263 340 302 372 de
320 340 482 371 casanova
501 338 537 370 Ο.
558 339 681 376 Praed„
701 349 750 379 ep.
771 338 893 375 Elnen„
914 336 1000 378 publ.
1021 336 1061 367 ab
1081 335 1283 377 Eug.1V—-
1309 335 1359 365 tit.
1380 345 1404 366 s.
1428 334 1509 365 Sixti
1530 335 1566 374 (s.
1589 334 1710 374 Sixti)2)

0 394 84 442 A'l)
108 393 280 426 Guilelmus
300 393 444 424 Dinanus
465 393 503 424 de
523 392 715 427 Monteforfi,
737 402 786 432 ep.
809 389 1006 427 Maelovien„
1029 389 1115 431 publ.
1139 388 1179 420 ab
1202 388 1281 429 Eug.
1305 387 1350 418 IV
1375 402 1406 413 =
1432 387 1483 418 tit.
1506 398 1530 418 s.
1554 387 1741 418 Anastasiae
1764 388 1815 427 (de
1837 389 2060 429 Monteforti).³
2064 391 2072 429 )

1701 335 1761 375 )‚†
1781 337 1858 366 1436
1878 336 1971 367 Mart.
1994 338 2024 373 1;

941 508 992 542 11.
1039 508 1245 553 Bag-onius
1268 508 1339 543 1v.

18 610 21 611 ν
70 591 166 642 antea
188 586 316 618 Gabriel
336 586 577 623 Condulmarus,
598 586 649 616 tit.
671 596 694 616 s.
716 585 886 616 Clementis
906 584 1008 625 presb.
1030 585 1114 615 card.
1138 584 1205 624 (cfr.
1227 595 1322 625 supra
1343 583 1368 620 Ι,
1393 584 1452 623 10),
1474 583 1596 614 Romae
1618 583 1661 622 (in
1682 584 1874 614 monasterio
1894 594 1918 615 s.
1940 584 2057 615 Mariae
2079 595 2174 626 supra

340 639 529 678 Minervam)
552 638 670 670 electus
690 638 741 669 die
763 639 781 668 3
803 642 835 669 et
856 642 1026 668 coronatus
1047 637 1097 668 die
1121 639 1155 668 11
1179 637 1286 668 Martii
1310 638 1396 674 1431,
1419 636 1499 667 obiit
1520 637 1558 667 23
1581 636 1671 667 Febr.
1698 636 1783 668 1447.
1786 636 1811 676 ⁴¹)

786 742 822 777 S.
849 742 892 777 R.
923 742 966 776 E.
995 741 1187 776 cardinales
1214 741 1254 775 ab
1281 741 1356 786 ipso
1385 741 1506 775 creati:

462 835 493 873 a)
516 834 551 864 in
571 833 674 874 prima
695 832 882 873 promotione
902 831 952 863 die
972 831 1012 862 19
1032 831 1115 872 Sept.
1138 831 1217 862 1431
1238 830 1341 862 habita
1364 831 1462 871 (Arm.
1486 831 1568 868 XII,
1591 830 1660 868 121,
1682 842 1713 872 p.
1735 831 1820 871 265).-

52 907 85 946 1)
106 906 290 938 hmeiseus
311 905 547 940 condumum,
569 903 719 940 Venetus,
742 913 850 944 nepos,
874 906 1034 944 protonot.
1058 906 1161 944 apost.
1187 918 1219 928 =
1245 902 1295 933 tit.
1319 913 1343 933 s,
1367 901 1546 939 Clementis,
1570 902 1642 933 dein
1667 903 1705 942 (c.
1729 913 1757 933 a.
1784 904 1872 942 1445)
1896 914 1944 944 ep.
1969 904 2118 935 Portuen.
2143 904 2255 944 (Vene-

235 959 375 998 tiarum),
396 956 678 994 vicecancellarius,
699 956 719 996 †
738 956 778 987 30
798 956 868 987 Oct.
891 957 983 993 1453;
1004 967 1034 986 v.
1055 955 1138 996 App.
1159 955 1175 986 I
1195 967 1241 986 nr.
1266 957 1292 992 1,
1313 956 1342 992 4,
1363 956 1412 992 48,
1433 956 1481 992 49,
1505 955 1572 992 100,
1595 956 1662 992 122,
1686 957 1752 993 125,
1775 956 1846 994 157;

50 1013 86 1052 2)
106 1012 292 1048 melenus
310 1011 438 1046 Fuscus,
459 1021 507 1051 ep.
528 1009 644 1041 Caven.
670 1023 702 1034 =
727 1009 778 1040 tit.
799 1020 823 1040 s.
845 1009 942 1040 Marci
963 1010 999 1048 (s.
1020 1008 1141 1048 Marci),
1162 1009 1181 1048 †
1203 1010 1279 1039 1444
1302 1007 1388 1049 Sept.
1412 1009 1463 1045 12;
1485 1019 1514 1039 v.
1536 1008 1618 1049 App.
1640 1008 1655 1038 I
1675 1019 1722 1039 nr.
1748 1010 1774 1046 1,
1795 1010 1844 1047 33,
1865 1009 1918 1047 75;

500 1118 503 1120 -
533 1097 568 1137 b)
590 1098 625 1128 in
645 1097 778 1128 secunda
798 1097 985 1138 promotione
1005 1097 1054 1128 die
1074 1096 1095 1127 9
1115 1096 1195 1137 Auq.
1219 1096 1298 1127 1437
1319 1096 1422 1127 habita
1444 1096 1518 1136 (Obl.
1542 1102 1561 1128 t.
1583 1096 1624 1127 66
1644 1096 1666 1135 f.
1689 1097 1753 1137 36).-

50 1171 86 1211 3)
109 1171 248 1202 loannes
273 1170 311 1201 de
336 1169 554 1200 Vitellensibus
581 1167 798 1207 (Vitelleschi),
827 1168 1033 1205 Cornetanus,
1062 1171 1143 1208 patr.
1173 1167 1376 1199 Alexandrin.
1406 1171 1438 1198 et
1465 1178 1534 1208 aep.
1563 1168 1735 1200 Florentin.
1762 1184 1793 1194 =
1819 1170 1869 1201 tit.
1893 1181 1916 1201 s.
1940 1169 2103 1201 Laurentii
2124 1171 2155 1202 in
2177 1171 2253 1202 Luc.

236 1222 472 1262 (Florentinus),
494 1221 513 1261 †
536 1221 614 1251 1440
634 1221 709 1262 Apr.
732 1222 764 1258 23
787 1232 817 1252 v.
840 1221 922 1262 App.
945 1221 960 1251 Ι
982 1232 1027 1252 nr.
1050 1222 1068 1251 6
1089 1225 1122 1252 et
1142 1220 1195 1252 lib.
1218 1221 1251 1251 ΙΙ
1273 1231 1296 1251 s.
1319 1232 1349 1251 v.
1372 1221 1569 1261 Tragurien.;

481 1320 510 1358 c)
533 1319 568 1350 in
588 1319 675 1350 tertia
696 1318 883 1359 promotione
903 1317 952 1348 die
973 1317 1013 1348 18
1033 1317 1104 1349 Deo.
1127 1317 1207 1348 1439
1228 1317 1330 1348 habita
1353 1317 1451 1356 (Arm.
1475 1317 1604 1354 XXXI,
1626 1317 1675 1355 52,
1698 1317 1720 1356 j.
1744 1318 1807 1358 15).-

474 1371 593 1411 (collati
616 1375 691 1402 sunt
715 1371 801 1402 tituli
824 1371 875 1402 die
899 1372 917 1401 8
943 1371 1017 1402 Jan.
1044 1371 1122 1401 1440
1145 1374 1213 1401 tam
1237 1370 1456 1411 praesentibus
1479 1381 1577 1411 quam
1600 1370 1813 1410 absentibus):

52 1444 88 1484 4)
108 1443 298 1480 Reginaldus
320 1443 358 1475 de
379 1442 559 1482 chartres‚⁵)
583 1453 652 1483 aep.
676 1442 807 1473 Remen.
834 1457 866 1467 =
891 1442 942 1472 tit.
966 1452 990 1472 s.
1016 1441 1171 1482 Stephani
1192 1442 1224 1472 in
1247 1441 1461 1472 coeliomonte
1486 1440 1686 1480 (Remensis),
1710 1441 1729 1480 †
1753 1442 1830 1472 1444
1853 1442 1928 1483 Apr.
1952 1443 1985 1480 4;

51 1497 86 1537 5)
108 1497 247 1529 Ioannes
260 1496 299 1528 de
312 1496 513 1532 magnacum,
529 1506 598 1536 aep.
615 1495 776 1526 Tarentin.
802 1510 834 1520 =
860 1495 910 1526 tit.
928 1505 951 1526 s.
969 1495 1062 1525 Nerei
1077 1498 1110 1525 et
1125 1494 1214 1532 Aah„
1231 1494 1303 1525 dein
1321 1494 1351 1534 (7
1368 1494 1461 1524 Mart.
1481 1494 1570 1532 1444)
1587 1504 1635 1534 ep.
1653 1494 1859 1532 Praenestin„
1876 1496 2138 1536 poenitentiarius
2154 1497 2256 1538 major

235 1548 461 1590 (Tarentinus),
481 1549 501 1588 †
522 1549 599 1579 1449
621 1548 694 1579 Jan.
715 1547 796 1587 21;⁰)
818 1559 848 1578 v.
869 1548 952 1589 App.
973 1547 988 1578 I
1009 1558 1055 1578 nr.
1077 1549 1105 1585 5,
1129 1548 1175 1584 12,
1197 1549 1246 1584 23,
1267 1548 1316 1584 28,
1337 1548 1386 1584 33,
1407 1548 1456 1583 63,
1477 1548 1526 1583 66,
1549 1547 1616 1584 100,
1639 1547 1710 1584 117;

51 1603 86 1643 6)
109 1602 248 1634 Joannes
269 1602 383 1638 Komp,
405 1612 474 1643 aep.
497 1601 682 1638 Eboracen.‚
704 1604 815 1642 postea
836 1601 1037 1632 Cantuarien.
1056 1616 1087 1626 ε
1110 1601 1161 1631 tit.
1183 1611 1207 1632 s.
1231 1600 1393 1637 Balbinae‚
1415 1599 1487 1630 dein
1510 1601 1601 1639 (1452
1625 1600 1689 1631 Jul.
1712 1601 1763 1639 28)
1785 1611 1833 1641 ep.
1856 1612 1880 1632 s.
1903 1601 2066 1642 Rufinae⁷>
2089 1603 2255 1642 (Balbinus

235 1666 291 1686 seu
311 1655 519 1686 Eboracensis
539 1654 590 1685 vel
611 1654 868 1693 Cantuariensis),
891 1654 910 1693 †
933 1655 1010 1684 1454
1030 1654 1123 1684 Mart.
1146 1655 1199 1691 22;
1222 1665 1252 1684 v.
1275 1654 1356 1694 App.
1380 1652 1394 1682 I
1417 1663 1462 1683 nr.
1488 1654 1554 1690 152,
1579 1654 1650 1690 1603

50 1707 87 1748 ’1)
106 1708 253 1740 Nicolaus
274 1708 313 1740 de
334 1708 548 1744 Accianum,
572 1718 641 1748 aep.
666 1707 806 1748 Capuan.
833 1722 865 1732 =
890 1707 941 1738 tit.
966 1718 989 1738 s.
1014 1706 1153 1738 Marcelli
1178 1707 1382 1747 (Capuanus),
1407 1706 1426 1745 †
1452 1705 1528 1736 1447
1552 1706 1627 1746 Apr.
1652 1706 1724 1745 33⁸)

54 1761 87 1801 8)
107 1761 282 1793 ladovicus
297 1761 336 1793 de
350 1762 580 1796 Luxemburgm
598 1771 666 1801 aep.
686 1760 917 1801 Rothomagen.
942 1775 973 1785 =
995 1760 1044 1791 tit.
1063 1771 1103 1790 ss.
1122 1760 1168 1790 IV
1181 1760 1339 1796 Coronat„
1357 1759 1430 1789 dein
1447 1769 1496 1799 ep.
1515 1759 1681 1790 Tusculan.
1702 1759 1979 1801 (Rothomagensis
1996 1772 2050 1791 seu
2067 1761 2106 1792 de
2123 1761 2253 1792 Lucem-

236 1813 359 1855 burgo),
382 1814 401 1854 †
424 1815 501 1844 1443
525 1813 612 1855 Sept.
638 1815 688 1851 18;

104 1971 126 2004 ι)
146 1971 200 2003 „In
215 1971 267 1997 hac
284 1971 456 2005 promotione
472 1971 626 2005 publicavit
641 1971 711 1997 duos
728 1971 812 2002 card„
830 1979 899 2004 quos
915 1970 959 1996 die
976 1971 1010 1996 24
1026 1970 1092 1996 Maii

37 2016 106 2042 1426
122 2018 265 2042 creaverat
281 2018 310 2041 et
327 2015 394 2041 alios
410 2015 480 2041 duos
496 2023 584 2041 novos
601 2015 714 2046 creavit,
733 2023 802 2048 quos
819 2017 914 2040 tamen
930 2023 986 2040 non
1003 2014 1091 2048 publi-

31 2060 118 2086 cavit.
162 2060 215 2091 Qui
234 2062 329 2085 autem
348 2059 533 2093 publicantur,
553 2062 630 2085 sunt:
661 2059 778 2093 Prosper
795 2059 930 2085 Columna
949 2059 1092 2084 Romanus

32 2102 105 2130 diac.
123 2111 144 2129 s.
165 2103 274 2138 Georgii
290 2103 327 2129 ad
344 2103 395 2129 vel.
414 2111 472 2129 aur.
491 2106 520 2129 et
537 2103 666 2130 Julianus
682 2103 844 2129 Caesar-inus
861 2103 1004 2128 Romanus
1021 2103 1090 2128 diac.

31 2155 56 2174 s.
74 2147 179 2182 Angeli.
213 2147 305 2174 Creati
322 2150 417 2173 autem
433 2147 506 2173 card.
525 2147 554 2172 in
570 2147 622 2172 hac
639 2155 726 2181 prom.
745 2150 774 2172 et
790 2155 846 2172 non
863 2147 996 2180 publicati
1013 2149 1090 2172 sunt:

36 2191 160 2219 Joannes
179 2191 324 2218 Casanova
343 2191 378 2217 de
398 2191 536 2225 Aragonia
556 2190 588 2217 Ο.
610 2191 706 2216 Praed.
728 2199 770 2224 ep.
792 2191 888 2216 Elnen.
911 2191 954 2216 tit.
977 2199 997 2216 s.
1021 2191 1093 2217 Sixti

32 2235 124 2271 presb.
140 2238 170 2262 et
185 2235 337 2262 Guilelmus
351 2235 386 2261 de
400 2235 561 2261 Monteforti
578 2235 672 2261 Gallus
686 2243 728 2268 ep.
744 2235 905 2261 Meclovien.
923 2235 966 2261 tit.
983 2243 1003 2260 s.
1019 2235 1092 2261 Ana·

31 2279 144 2307 otniae.
187 2279 241 2311 Qui
260 2280 316 2306 duo
335 2283 364 2305 et
383 2280 429 2305 alii
448 2279 512 2310 duo,
533 2279 581 2313 qui
600 2282 791 2304 remanserunt
809 2279 838 2304 in
857 2279 1030 2312 promotione
1048 2279 1093 2305 die

32 2324 71 2351 24
86 2323 153 2351 Maii
172 2325 240 2350 1426
257 2324 341 2355 facta,
360 2324 441 2350 videl.
461 2324 622 2349 Dominicus
641 2323 805 2349 Ramundus
822 2331 864 2356 ep.
884 2322 1010 2353 Ilerden.,
1030 2326 1093 2356 post

32 2376 95 2402 nep.
112 2367 302 2399 Tarraconen„
319 2368 363 2394 tit.
381 2376 415 2393 ss.
434 2367 498 2394 Joh.
516 2370 545 2393 et
561 2367 639 2393 Pauli
655 2367 755 2401 presb.‚
771 2370 800 2392 et
816 2367 977 2392 Dominicus
992 2367 1092 2401 Capra-

33 2412 98 2439 nica
111 2411 254 2438 Romanus
267 2412 300 2438 el.
315 2412 470 2442 Firmanus,
484 2412 553 2437 diac.
569 2420 590 2437 s.
605 2411 708 2437 Mariae
722 2419 811 2437 novae
824 2411 904 2441 diac„
919 2411 965 2436 isti
978 2411 1093 2444 inquam

33 2456 54 2482 4
65 2455 140 2482 camd.
154 2456 332 2490 publicantur
345 2459 441 2490 postea
455 2456 490 2482 ab
505 2456 574 2489 Eug.
590 2455 658 2481 IV.“
685 2455 738 2481 cfr.
755 2455 829 2481 Arm.
846 2455 888 2480 XI
902 2455 948 2481 lib.
964 2455 998 2480 44
1013 2455 1092 2487 (Con-

33 2500 183 2526 dstoriafia
204 2500 240 2526 ab
262 2500 395 2526 electione
418 2499 494 2526 Alex.
518 2500 543 2526 V
566 2508 653 2533 usque
675 2499 711 2525 ad
733 2499 815 2525 Mart.
832 2499 875 2537 ν17)
908 2499 926 2525 f.
951 2499 1011 2524 410.

105 2542 129 2576 ⁸)
147 2543 200 2570 Die
214 2545 231 2570 9
247 2544 322 2578 Sept.
341 2545 408 2570 1433
424 2544 493 2578 Eug.
510 2544 550 2570 1V
565 2543 742 2569 commendas
757 2543 791 2569 de
806 2543 919 2569 ecclesia
936 2543 1091 2569 Gerunden.

34 2589 67 2614 et
79 2588 252 2614 monasteriis
266 2597 287 2614 s.
303 2588 378 2614 Petri
392 2588 427 2614 de
442 2588 529 2614 Rodis
544 2588 575 2614 Ο.
594 2588 620 2614 S.
637 2587 669 2613 B.
686 2596 718 2613 ac
733 2587 759 2613 b.
775 2587 878 2613 Mariae
892 2587 927 2612 de
941 2587 1014 2613 Villa
1028 2587 1092 2613 Ber-

37 2631 133 2659 troadi
142 2631 174 2658 O.
187 2631 253 2658 Can.
265 2640 286 2658 s.
299 2631 368 2666 Aug.
381 2632 466 2658 dioec.
481 2632 637 2658 Gerunden.
650 2631 739 2657 eidem
750 2631 823 2657 card.
839 2631 928 2657 factas
941 2631 1092 2662 revocavit,

34 2675 85 2703 sed
104 2675 172 2702 haee
191 2677 331 2702 revocatio
349 2676 480 2702 effectum
500 2685 557 2702 non
576 2676 683 2702 habuit.
721 2675 775 2702 Cir.
796 2675 867 2709 App.
888 2675 902 2701 I
922 2683 961 2700 nr.
983 2675 1024 2701 33.

106 2719 129 2752 ⁸)
149 2720 165 2753 †
183 2722 250 2746 ante
267 2720 301 2747 23
321 2720 396 2754 Sept.
418 2721 493 2747 1432.

106 2763 129 2796 ⁴)
148 2764 324 2790 Itinerarium
350 2764 466 2798 Eugenii
490 2764 530 2791 IV
556 2764 607 2790 hoc
632 2764 716 2790 modo
740 2764 927 2798 componitur:
956 2764 1024 2790 1434
1048 2763 1093 2789 die

33 2809 55 2835 4
73 2808 152 2835 «Iunii
171 2808 198 2835 S.
218 2808 248 2834 P.
268 2808 304 2834 de
321 2808 396 2835 Urbe
414 2809 558 2843 aufugiens
576 2817 624 2843 per
643 2808 722 2834 Ostia
740 2808 868 2834 Tiberina
886 2808 963 2833 Pisas
981 2810 1011 2834 et
1029 2807 1092 2833 inde

1 2870 9 2884 ι,
34 2851 205 2880 Florentiam
229 2860 259 2878 se
283 2852 410 2884 contulit,
436 2861 520 2886 quam
545 2853 688 2879 civitatem
716 2853 784 2878 1434
810 2852 875 2878 Jun.
903 2852 936 2878 23
962 2852 1090 2883 intravit3

0 2895 14 2903 ”
36 2897 107 2924 1436
123 2896 168 2923 die
185 2896 312 2922 Mercurii
332 2897 364 2923 18
382 2897 483 2923 mensis
500 2896 601 2931 Aprilis
619 2897 730 2923 recessit
747 2896 781 2922 de
800 2896 939 2922 Florentia
956 2896 1009 2922 iter
1026 2897 1091 2922 arri-

30 2940 114 2979 piens
127 2949 223 2968 versus
237 2941 380 2967 civitatem
394 2949 473 2967 suam
487 2941 689 2967 Bononiensem
703 2943 732 2966 et
746 2940 790 2966 die
805 2941 838 2966 22
854 2941 954 2966 mensis
968 2940 1091 2973 ejusdem

1197 1978 1278 1996 orans
1302 1970 1419 1995 intravit
1443 1970 1548 1995 dietam
1573 1970 1716 1996 civitatem
1741 1979 1804 1996 cum
1829 1972 1951 1997 maxima
1975 1972 2082 1998 laetitia
2106 1976 2135 1998 et
2159 1982 2253 1999 conso-

1197 2014 1300 2040 latione
1318 2014 1412 2047 populi
1429 2017 1458 2040 et
1474 2011 1561 2040 totius
1579 2014 1659 2040 Rom.
1678 2015 1775 2041 Curiae
1793 2015 1864 2047 (Obl.
1884 2016 1929 2041 lib.
1949 2017 1983 2042 66
2000 2016 2018 2042 f.
2038 2017 2095 2049 25);
2126 2018 2192 2043 1438
2210 2018 2254 2044 die

1200 2059 1232 2084 14
1251 2058 1315 2084 Jan.
1335 2058 1370 2083 de
1388 2059 1439 2084 civ.
1460 2058 1627 2084 Bononiensi
1645 2058 1681 2084 ad
1699 2059 1898 2085 Ferrariensem
1917 2069 1945 2085 se
1963 2061 2094 2091 contulit;
2125 2062 2192 2087 1439
2210 2062 2254 2088 die

1199 2103 1232 2128 19
1249 2102 1313 2128 Jan.
1331 2102 1441 2135 reliquit
1457 2103 1532 2128 civit.
1550 2103 1654 2128 Ferrar.
1672 2103 1761 2128 iturus
1777 2103 1957 2135 Florentiam3
1987 2106 2053 2130 1443
2069 2105 2113 2130 die
2129 2106 2144 2132 7
2161 2105 2253 2132 Martii

1197 2146 1308 2172 recessit
1321 2146 1355 2172 de
1369 2146 1509 2172 Florentia
1522 2155 1617 2172 versus
1632 2146 1717 2173 Senas
1731 2147 1813 2181 (App.
1828 2148 1842 2173 I
1856 2156 1896 2174 nr.
1912 2149 1970 2180 39);
1987 2150 2019 2174 lo
2032 2149 2124 2175 Martii
2138 2150 2254 2176 intravit

1197 2191 1341 2216 civitatem
1357 2190 1490 2216 Senarum
1505 2190 1532 2223 (1.
1549 2199 1571 2216 0.
1587 2199 1627 2216 nr.
1643 2192 1702 2223 40);
1729 2192 1761 2217 14
1777 2191 1852 2225 Sept.
1868 2193 1979 2218 recessit
1992 2193 2027 2218 de
2041 2194 2092 2218 civ.
2111 2193 2252 2225 senarum,

1197 2243 1292 2260 versus
1309 2234 1413 2260 Urbem
1430 2235 1457 2266 (l.
1476 2243 1498 2260 c.
1516 2243 1556 2260 nr.
1575 2235 1633 2267 59);
1653 2236 1684 2261 19
1703 2235 1777 2269 Sept.
1796 2236 1912 2262 intravit
1928 2237 2032 2262 Urbem
2050 2237 2077 2269 (l.
2095 2246 2117 2263 c.
2136 2246 2176 2263 nr.
2194 2239 2252 2270 60);

1199 2279 1266 2305 1447
1283 2278 1328 2304 die
1345 2279 1378 2304 23
1396 2278 1474 2304 Febr.
1494 2279 1622 2311 (Romae)
1641 2280 1770 2313 migravit
1786 2280 1822 2305 ab
1840 2280 1891 2306 hoc
1908 2281 2016 2306 saeculo
2034 2281 2061 2313 (l.
2080 2290 2102 2307 c.
2122 2290 2161 2307 nr.
2183 2283 2251 2315 101).

1197 2337 1233 2341 —
1249 2323 1391 2356 Tempore,
1410 2331 1465 2356 quo
1483 2323 1551 2356 Eug.
1572 2323 1611 2349 IV
1629 2323 1788 2357 eligebatur,
1809 2324 1835 2350 S.
1856 2325 1888 2350 R.
1909 2325 1940 2350 Ε.
1959 2325 2110 2350 cardinales
2128 2334 2252 2352 numera-

1198 2367 1300 2392 bantur
1311 2367 1358 2397 illi,
1370 2367 1418 2400 qui
1429 2375 1512 2400 supra
1523 2375 1582 2401 cap.
1596 2367 1610 2393 I
1621 2368 1741 2393 numeris
1752 2369 1777 2398 4,
1790 2369 1815 2399 5,
1828 2369 1852 2398 9,
1867 2370 1907 2399 11,
1922 2370 1963 2399 15,
1975 2370 2017 2400 20,
2030 2370 2072 2399 24,
2085 2370 2127 2400 29,
2140 2370 2252 2401 32-34,

1198 2412 1241 2441 36,
1263 2411 1306 2441 37,
1328 2411 1431 2438 39-47
1454 2411 1579 2437 recensiti
1600 2415 1673 2437 sunt.
1717 2411 1852 2438 Electioni
1874 2415 1968 2438 tamen
1989 2414 2074 2446 ipsius
2095 2422 2150 2439 non
2171 2415 2253 2440 inter-

1198 2455 1310 2480 fuerunt
1333 2455 1379 2486 illi,
1403 2463 1472 2489 quos
1494 2456 1601 2481 numeri
1626 2457 1666 2486 15,
1690 2456 1732 2486 20,
1756 2457 1799 2487 24,
1823 2457 1865 2487 29,
1889 2457 1991 2484 43-47
2015 2457 2146 2483 indicant.

1267 2498 1289 2531 ὅ)
1311 2499 1364 2525 Seu
1382 2499 1475 2533 potius
1493 2499 1546 2530 „de
1562 2499 1680 2526 Carvate
1697 2500 1782 2526 dioec.
1801 2500 1967 2526 Carnoten.“
2001 2501 2054 2527 cfr.
2074 2502 2119 2527 lib.
2139 2502 2168 2527 11
2186 2511 2205 2528 s.
2226 2511 2251 2528 v.

1198 2543 1333 2577 Agathen.
1354 2546 1382 2569 et
1401 2543 1573 2569 Aurelianen.

1268 2587 1290 2619 ⁶)
1310 2587 1361 2613 Die
1381 2588 1413 2613 10
1432 2587 1498 2614 Jun.
1520 2589 1587 2614 1448
1605 2589 1754 2622 resignavit
1772 2589 1969 2614 monasterium
1987 2598 2007 2615 s.
2028 2590 2102 2615 Petri
2119 2590 2154 2615 de
2171 2590 2253 2616 Villa-

1198 2639 1271 2657 nova
1285 2631 1316 2657 Ο,
1334 2631 1359 2658 S.
1376 2631 1407 2657 B.
1422 2631 1507 2657 dioec.
1523 2632 1658 2658 Vicentin.
1674 2632 1738 2658 olim
1753 2633 1781 2658 in
1794 2641 1892 2658 comm.
1907 2633 1959 2659 sibi
1973 2642 2140 2664 concessum,
2155 2642 2252 2660 reserV.

1198 2676 1222 2701 ei
1242 2684 1335 2701 annua
1356 2684 1430 2709 pens.
1452 2676 1504 2702 300
1524 2676 1552 2702 fl.
1585 2676 1656 2708 (Obl.
1679 2677 1721 2707 72,
1742 2677 1796 2708 32).

1269 2719 1290 2751 ⁷)
1314 2719 1390 2751 Quae
1414 2719 1527 2746 ecclesia
1551 2720 1586 2746 ab
1611 2720 1674 2746 eccl.
1700 2721 1840 2751 Portuen.‚
1865 2722 1909 2746 cui
1933 2722 2012 2747 unita
2036 2724 2104 2752 erat,
2129 2730 2178 2755 pro
2203 2722 2254 2748 hac

1198 2764 1258 2789 vice
1276 2763 1416 2797 disjuncta
1434 2767 1484 2790 est.

1268 2807 1291 2840 Β)
1310 2808 1362 2834 1)10
1379 2809 1411 2834 15
1426 2808 1492 2834 Maii
1510 2809 1575 2836 1447
1593 2808 1679 2834 abbas
1695 2817 1767 2834 mon.
1785 2817 1805 2834 s.
1822 2809 1919 2834 Trinit.
1936 2809 2109 2835 Montissacri
2125 2809 2156 2836 O.
2176 2810 2202 2836 S.
2220 2811 2251 2836 B.

1198 2851 1283 2878 dioec.
1303 2852 1439 2886 Sipontin.
1457 2861 1516 2878 vac.
1536 2861 1584 2886 per
1600 2853 1671 2878 illius
1687 2853 1759 2878 card.
1778 2853 1886 2879 obitum
1902 2853 1993 2879 factus
2009 2856 2052 2879 est
2068 2854 2254 2888 Hieronymus

1198 2896 1233 2922 de
1245 2896 1340 2930 Capua
1353 2895 1385 2922 Ο.
1400 2896 1496 2922 Praed.
1511 2897 1662 2922 translatus
1675 2896 1711 2922 ad
1724 2897 1755 2922 O.
1773 2897 1798 2923 S.
1814 2897 1845 2923 B.
1861 2897 1933 2930 (Obl.
1948 2898 1991 2928 72,
2005 2898 2058 2930 26).
2084 2897 2138 2924 cfr.
2153 2898 2224 2932 App.
2239 2898 2254 2924 I

1198 2948 1238 2966 nr.
1262 2941 1285 2971 l,
1305 2940 1348 2971 33,
1368 2941 1411 2971 36,
1431 2941 1474 2971 48,
1495 2941 1538 2972 93,
1560 2942 1618 2970 100,
1641 2941 1698 2971 102,
1721 2942 1778 2967 105.
