2436 3328
205 147 249 178 54
673 192 677 197 .
961 142 1062 187 App.
1085 141 1115 177 1.
1138 141 1428 176 Annotaticnsa
1449 139 1503 175 ad
1527 142 1630 184 part.
1654 139 1675 175 1

204 244 323 274 etiamsi
348 243 390 273 eis
415 253 448 272 os
473 246 613 281 apertum
638 242 738 277 fuerit,
766 241 1003 281 quotiescunque
1028 241 1188 280 contigerit

205 288 247 318 eis
267 288 304 318 de
324 287 461 322 ecclesiis,
484 286 673 316 monasteriis
693 290 748 316 aut
767 285 833 315 aliis
853 285 1006 315 beneficiis
1026 285 1185 325 provideri,

205 336 366 362 teneantur
383 331 497 361 solvere
515 330 617 360 omnia
634 330 703 370 jura
721 330 846 360 cameris
864 340 961 369 papae
980 334 1011 359 et
1029 340 1052 359 s.
1072 329 1187 367 collegii

205 376 321 406 ratione
336 375 508 414 hujusmodi
522 374 729 414 provisionum
743 378 799 404 aut
812 374 1058 404 commendatum
1073 373 1185 407 debita,

205 420 326 460 perinde
345 430 381 449 ac
399 419 425 449 si
444 419 648 449 cardinalatus
667 418 816 458 dignitate
835 418 957 448 minime
977 418 1185 457 fungerentur:

203 468 278 499 esto,
301 464 381 503 quod
402 463 443 493 eis
463 463 504 493 sit
523 474 557 493 os
577 467 726 502 apertum.
767 462 818 492 Ac
838 462 958 492 Miscell.
982 462 1039 497 111,
1061 464 1088 491 9.
1207 462 1260 490 601

279 509 371 538 Junii
395 508 434 537 13
469 507 550 537 card.
576 507 614 537 de
640 507 749 546 Borgia
774 507 894 536 recessit
919 506 957 535 de
983 506 1063 536 Urbe
1090 506 1187 535 iturus

206 553 358 582 Perusiam
377 552 416 582 ad
437 552 616 591 legationem
635 562 731 586 suam,
752 561 770 580 a
789 551 850 580 suis
870 555 991 580 tantum
1011 550 1185 579 associatus.

206 597 314 626 Burch.
337 596 419 626 Diar.
441 596 459 625 l.
481 607 506 626 c.
529 596 570 631 II,
592 597 657 625 489.
1207 595 1263 623 602

281 641 359 679 Sept.
373 641 412 670 18
434 640 511 670 obiit
523 640 604 670 card.
619 640 657 669 de
672 639 797 669 Sabellis
810 639 840 668 in
854 644 953 668 castro
966 649 1021 668 suo
1035 638 1185 672 Pandulfi,

204 685 291 724 cujus
312 685 442 714 cadaver
463 690 620 724 portatum
642 684 701 714 fuit
723 684 853 713 Romam
875 688 905 712 et
929 683 1039 712 ibidem
1062 683 1093 712 in
1115 683 1185 712 eccl.

206 729 234 759 b.
250 729 362 759 Mariae
376 729 413 758 de
428 729 563 758 Aracoeli
578 729 739 767 sepultum.
771 728 879 757 Burch.
897 728 978 757 Diar.
996 728 1013 757 l.
1030 738 1055 756 c.
1073 727 1114 762 ΙΙ,
1130 728 1186 757 495

204 778 236 803 et
256 773 306 803 AC
326 773 445 803 Miscell.
469 773 526 807 111,
549 775 576 802 9.
1207 772 1263 800 603

279 818 338 847 Oa.
352 818 369 847 1
394 817 510 852 Caesar,
525 828 617 856 nepos
631 819 668 854 (!)
685 817 714 846 S.
730 817 772 851 P„
787 816 858 846 olim
871 816 951 845 card.
967 815 1187 845 Valentinensis

206 862 358 899 (Valencia
375 862 405 891 in
424 862 533 900 Hisp.)‚
553 862 702 900 resignato
720 861 780 897 (die
798 862 832 891 17
851 861 926 899 Aug.
948 862 1032 897 1498)
1051 860 1186 890 cardina-

206 906 269 936 latu
288 906 414 936 eflectus
432 911 478 935 est
496 906 558 935 dux
579 905 798 934 Valentinensis
817 905 958 942 (Valence
976 905 1006 934 in
1028 905 1136 941 Gallia)
1156 909 1186 934 et

205 950 325 980 recessit
334 950 373 980 ab
383 950 472 985 Urbe,
484 950 539 979 ivit
550 960 653 979 versus
664 949 820 979 Franciam
830 959 883 988 per
892 959 982 979 mare.
1002 949 1052 979 Ac
1062 949 1080 978 Ι.
1090 959 1115 978 c.
1127 949 1147 978 f.
1158 951 1185 979 9.
1208 949 1264 978 604

279 995 338 1024 Oa.
366 995 404 1024 15
442 994 522 1024 card.
552 994 712 1023 Perusinus
740 993 896 1023 absolutus
924 993 982 1023 fuit
1010 1004 1027 1022 a
1057 993 1185 1027 vinculo,

205 1049 266 1078 quo
290 1039 451 1068 tenebatur
475 1039 614 1068 ecclesiae
640 1038 809 1073 Perusinae,
835 1042 866 1068 et
891 1037 929 1067 ad
955 1038 1024 1067 eccl.
1051 1038 1185 1077 Capuan.

205 1083 382 1118 translatum
394 1083 445 1122 qui
455 1083 543 1112 desiit
554 1083 693 1122 deinceps
704 1082 803 1112 vocari
815 1082 975 1112 Perusinus
985 1087 1016 1112 et
1025 1083 1187 1121 Capuanus

204 1131 251 1157 est
270 1127 447 1166 appellatus.
490 1127 599 1156 Burch.
622 1127 703 1156 Diar.
726 1127 744 1156 l.
766 1137 791 1156 c.
814 1127 855 1161 11,
877 1128 942 1156 498.
1207 1128 1263 1156 605

281 1172 348 1201 Dec.
370 1171 409 1202 28
441 1171 529 1201 rediit
551 1171 589 1201 ad
612 1171 725 1201 Urbem
747 1171 827 1200 card.
852 1171 959 1210 Borgia
981 1181 1017 1200 ex
1041 1171 1184 1205 Viterbio‚

204 1216 292 1245 rebus
306 1215 416 1245 ibidem
431 1215 470 1245 ad
484 1221 558 1245 vota
571 1215 754 1255 compositis,
769 1215 892 1245 dimisso
906 1215 1016 1245 ibidem
1033 1215 1186 1245 Ludovico

204 1260 319 1299 Angelo
331 1270 397 1299 aep.
413 1260 576 1295 Cusentin.‚
593 1270 683 1299 quem
700 1260 728 1289 S.
747 1260 778 1290 P.
794 1265 864 1299 post
878 1270 1025 1290 recessum
1041 1259 1186 1299 praedicti

204 1304 285 1334 card.
302 1304 371 1334 illuc
386 1304 425 1334 ad
442 1304 539 1334 assist.
557 1309 588 1334 et
603 1304 715 1334 consul.
733 1304 830 1334 eidem
845 1304 926 1334 card.
945 1305 1075 1334 miserat.
1110 1304 1141 1334 L.
1159 1314 1184 1334 c.

683 1423 787 1457 1499.

280 1491 352 1521 Jan.
364 1491 384 1521 9
407 1491 442 1520 In
455 1491 630 1521 consistorio
642 1491 722 1521 card.
736 1502 758 1520 s.
772 1491 873 1521 Crucis
885 1491 973 1520 finito
985 1501 1065 1520 anno
1077 1492 1185 1528 (came—

204 1535 344 1573 rariatus)
364 1535 535 1574 resignabat
553 1535 583 1565 in
603 1535 742 1565 manibus
762 1535 782 1565 S
811 1535 844 1565 P.
863 1535 1002 1574 sigillum,
1021 1535 1099 1565 sicut
1117 1545 1186 1565 con-

203 1583 324 1610 suetum
342 1584 401 1609 est:
432 1584 463 1609 et
482 1580 523 1609 sic
543 1580 602 1609 fuit
620 1590 673 1619 per
692 1579 790 1619 ipsum
812 1580 840 1609 S.
862 1580 894 1610 P.
915 1579 1021 1610 datum
1041 1579 1185 1610 cardinali

206 1624 401 1663 Segobricen..
431 1624 482 1663 qui
510 1624 682 1654 immediate
710 1628 779 1663 post
805 1624 885 1654 card.
913 1635 936 1654 s.
965 1624 1066 1654 Crucis
1094 1624 1186 1654 habet

205 1668 311 1703 locum,
345 1678 414 1698 cum
446 1668 597 1698 consuetis
629 1668 862 1698 auctoritatibus
895 1674 925 1698 et
959 1668 1184 1708 praerogativis.

204 1712 378 1742 Praedictus
397 1712 477 1742 card.
497 1723 520 1742 s.
541 1713 642 1742 Crucis
662 1713 732 1752 legit
751 1713 858 1743 deinde
877 1713 1024 1752 quasdam
1044 1713 1184 1755 reforma-

204 1757 300 1786 tiones
316 1761 347 1786 et
364 1757 533 1787 additiones
550 1757 642 1786 officii
660 1757 874 1787 camerariatus
891 1758 921 1787 in
940 1757 1103 1787 utilitatem
1121 1768 1183 1787 car-

203 1801 347 1831 dinalium
365 1801 480 1831 fiendas
497 1811 611 1830 necnon
629 1801 765 1831 cedulam
782 1801 819 1831 de
835 1801 924 1831 rebus
940 1812 993 1841 per
1008 1812 1077 1832 eum
1093 1802 1185 1841 gestis

203 1855 283 1875 anno
299 1846 470 1884 praeterito,
499 1856 626 1885 quorum
649 1846 819 1885 exemplum
836 1846 873 1876 de
891 1846 983 1876 verbo
999 1846 1038 1876 ad
1057 1846 1182 1876 verbum

204 1889 347 1919 insertum
363 1895 408 1919 est
424 1890 498 1919 libro
513 1890 691 1920 relationum
707 1890 882 1920 consistorii.
917 1890 1033 1926 Quibus
1048 1891 1185 1930 perlectis

203 1939 234 1963 et
261 1934 424 1964 admodum
454 1934 584 1964 laudatis
611 1934 784 1964 ordinatum
813 1935 880 1970 fuit,
910 1940 944 1964 ut
972 1935 1002 1964 in
1031 1941 1183 1974 posterum

203 1983 401 2008 servarentur.
422 1979 636 2017 Expeditiones
645 1979 834 2009 ecclesiarum
845 1979 1003 2016 (cathedr.)
1013 1985 1044 2009 et
1054 1984 1182 2010 monast.

204 2022 301 2052 iactae
317 2030 347 2052 et
364 2028 487 2052 exactae
503 2033 530 2052 a.
551 2025 623 2053 1498
639 2023 806 2053 ascendunt
821 2023 859 2053 ad
875 2034 1024 2054 summam
1042 2026 1137 2054 23000
1152 2024 1182 2054 ss.

204 2067 253 2096 AC
276 2067 394 2096 Miscell.
420 2067 528 2101 XLIV,
555 2069 591 2097 23
614 2073 644 2097 et
668 2069 713 2098 25.
760 2068 818 2098 Cfr.
844 2068 922 2098 iufra
946 2079 974 2108 p.
1000 2070 1047 2098 58.
1204 2071 1258 2099 607

278 2111 350 2141 Jan.
361 2112 399 2141 28
422 2112 450 2140 S.
465 2112 495 2141 P.
508 2112 657 2150 equitavit
668 2112 784 2142 Ostiam
797 2112 919 2149 (Tiber.)
930 2118 960 2142 et
971 2123 1039 2142 cum
1050 2123 1085 2142 eo
1095 2113 1182 2142 dnus.

203 2155 362 2194 Capuanus
383 2156 489 2193 Borgia
508 2156 599 2189 card„
620 2156 670 2195 qui
691 2156 842 2186 redierunt
860 2157 928 2187 inde
947 2157 985 2186 ad
1006 2157 1116 2187 Urbem
1136 2157 1184 2187 die

203 2201 236 2229 31
262 2199 331 2229 Jan.
374 2200 481 2229 Burch.
506 2201 585 2230 Diar.
610 2201 626 2230 1.
649 2212 673 2230 c.
696 2211 735 2240 p..
757 2203 821 2231 507.
1204 2204 1261 2231 608

278 2244 350 2273 «lan.
367 2244 406 2273 29
432 2244 511 2274 card.
531 2245 748 2283 Neapolitanus
764 2256 799 2274 ex
818 2256 908 2284 regno
926 2246 1048 2285 Neapol.
1067 2245 1183 2276 rediens

204 2287 328 2318 intravit
349 2288 460 2318 Urbem
481 2299 532 2327 per
553 2294 670 2327 portam
690 2300 711 2318 s.
736 2290 829 2323 Pauli,
851 2300 867 2319 a
887 2290 967 2320 card.
989 2301 1011 2320 s.
1032 2290 1134 2320 Crucis
1153 2295 1183 2320 et

205 2332 325 2361 Senensi
353 2338 546 2371 exspectatus
573 2339 602 2362 et
630 2334 794 2363 associatus
821 2344 915 2373 usque
951 2334 989 2364 ad
1025 2335 1179 2365 ecclesiam

202 2387 225 2406 s.
241 2376 345 2411 Sabae,
359 2377 590 2407 advenientibus
602 2377 722 2407 obviam
735 2378 760 2407 ei
773 2379 937 2408 successive
949 2379 1014 2408 aliis
1026 2379 1106 2408 card.
1120 2379 1181 2409 scil.

203 2420 239 2449 de
256 2421 378 2455 Ursinis,
394 2421 430 2450 de
447 2421 576 2456 Medicis,
593 2432 615 2451 s.
634 2422 775 2455 Severini.
794 2422 997 2457 Ulixbonensi,
1014 2423 1064 2463 qui
1080 2434 1183 2453 omnes

202 2465 330 2495 eundem
353 2465 391 2494 ad
415 2465 538 2495 domum
563 2476 647 2495 suani
672 2467 866 2501 associarunt,
892 2467 941 2496 ubi
967 2468 1022 2497 illis
1045 2478 1081 2497 ex
1105 2478 1183 2507 equo

202 2509 314 2547 gratias
333 2510 402 2548 egit.
446 2510 476 2539 L.
499 2521 523 2539 c.
547 2520 574 2549 p.
597 2513 661 2540 507.
1188 2514 1258 2542 ⁷609

277 2553 358 2583 Febr.
386 2554 423 2583 10
460 2554 488 2583 in
515 2565 580 2584 sero
607 2555 689 2584 venit
715 2555 795 2584 card.
825 2556 992 2590 Guroensis,
1020 2567 1037 2585 a
1064 2557 1182 2586 nemine.

203 2598 379 2633 associatum
413 2598 582 2637 hospitatus
602 2603 646 2628 est
667 2599 696 2628 in
717 2605 867 2629 conventu
890 2600 916 2629 b.
940 2600 1049 2630 Mariae
1069 2601 1106 2630 de
1128 2601 1181 2631 Po-

203 2642 282 2680 pulo,
307 2642 357 2671 ubi
381 2642 460 2672 card.
487 2643 697 2672 Ulixbonensis
722 2643 791 2673 fecit
814 2644 914 2673 omnia
938 2645 1035 2683 parari
1060 2655 1114 2684 pro
1137 2655 1180 2675 eo.

204 2686 235 2715 L.
257 2696 281 2715 c.
303 2689 359 2715 509
379 2687 431 2716 cfr.
453 2687 551 2723 5132)
1203 2690 1260 2719 610

273 2777 300 2809 1“)
319 2777 351 2803 In
371 2778 532 2804 consistorio
551 2778 595 2804 die
617 2779 648 2804 12
668 2778 739 2805 Nov.
763 2779 829 2805 14⁹8
849 2779 945 2805 habito
964 2780 1109 2806 cardinalis
1130 2781 1259 2808 Senensis

203 2821 268 2854 legit
290 2821 396 2847 litteras
418 2822 564 2848 cardinalis
588 2822 742 2853 Gureensis,
766 2823 867 2857 quibus
889 2824 1099 2858 significabatur
1120 2825 1259 2851 adventus

201 2865 262 2898 ejus
272 2865 308 2891 ad
321 2865 435 2895 Urbem:
448 2866 495 2892 sed
507 2866 602 2899 ajebat
612 2875 641 2892 se
653 2867 705 2893 iter
715 2867 810 2893 iecisse
823 2867 957 2902 Lugduno
968 2869 1132 2895 Avinionem
1145 2872 1258 2904 propter

202 2909 347 2935 nonnullas
362 2918 458 2935 causas
475 2910 602 2937 Pontifici
619 2914 707 2937 notas.
741 2911 854 2941 Deinde.
871 2920 933 2938 cum
950 2912 1128 2939 intellexisset
1145 2922 1257 2940 vacasse

1315 1881 1317 1885 ’
1368 1892 1515 1913 recessum
1527 1883 1687 1914 cardinalis
1699 1883 1820 1915 Ascanii
1833 1884 1923 1924 legati
1936 1883 2102 1915 Bononien.
2115 1893 2245 1928 nupu

1448 239 1538 269 Mart.
1555 239 1595 270 20
1623 239 1652 269 S.
1672 239 1704 269 P.
1722 239 1754 268 ιιι
1770 249 1826 270 suo
1841 239 2019 270 consistorio
2033 244 2150 271 secreto
2165 250 2236 270 cum
2251 240 2400 278 volun·-

1372 288 1436 313 tate
1448 288 1480 313 et
1491 283 1644 313 communi
1655 293 1803 314 consensu
1814 283 1954 314 ducrum.
1967 283 2051 315 card.
2061 284 2219 315 revocavit
2229 284 2390 324 sangin-
2400 292 2405 295 ’
2418 286 2421 290 ⁴

1371 327 1494 362 tionem,
1508 337 1600 367 quam
1612 327 1724 357 fecerat
1735 327 1810 357 alias
1820 327 1891 358 duci
1901 328 2035 359 Oandise
2045 328 2206 379 (Gandiae,
2217 328 2311 359 filio

1371 371 1408 401 de
1428 371 1542 401 ducatu
1562 376 1594 401 et
1613 371 1671 401 civ
1693 371 1912 408 Beneventan„
1933 374 1966 402 et
1983 372 2112 404 eandem
2130 373 2190 404 civ.
2202 381 2282 404 cum
2306 389 2338 408 -ῑ
2354 363 2419 419 *esf

1370 415 1561 455 pertinentiis
1572 415 1706 446 restituit
1718 416 1859 446 ecclesiae
1870 396 2037 447 Romanae.
2060 417 2113 447 Ac
2123 417 2246 448 Misosu.
2259 394 2403 458 ulf-³3⁴³*

1447 460 1522 499 Apr.
1537 460 1577 490 29
1604 460 1633 490 S.
1651 461 1684 490 P.
1701 460 1834 490 absolvit
1849 460 2033 492 cardinalem
2050 461 2179 492 Gurcen.
2195 471 2215 492 a
2239 475 2273 487 ··«
2299 476 2340 506 2„
2348 467 2398 502 ,4

1371 514 1432 544 quo
1449 504 1612 534 tenebatur
1629 505 1770 535 ecclesiae
1787 514 1811 535 s.
1831 504 1949 543 vitalis,
1968 515 2110 536 concessa
2127 505 2258 537 umen*
2258 520 2274 532 ·‹
2309 498 2340 550 ,ξ’-
2353 498 2407 510 X

1370 548 1401 578 in
1417 559 1536 583 comm„
1553 553 1585 578 et
1600 549 1703 579 evexit
1727 549 1884 580 ecclesiam
1905 549 1934 580 b.
1951 549 2065 580 Mariae
2079 559 2179 580 novae
2192 549 2253 581 ιιι-
2302 538 2343 595 ῗΞ
2357 549 2401 583 ’ζ

1370 593 1418 623 ιιι.
1428 593 1961 633 presb.atque1psame1ded1t1nt²t
1978 593 2247 625 Burch.Diar.l.o.
2268 593 2301 621 Η

1446 637 1528 667 lulis·
1542 637 1581 667 14
1615 638 1763 668 Ascanius
1778 638 2049 674 vicecancellarius,
2066 638 2184 678 fingens
2198 648 2241 670 ιι
2256 636 2362 698 {iffi
2393 642 2408 674 ἶ]

2292 712 2348 745 ,Αᾷδ’·

1370 681 1409 711 ad
1421 682 1604 718 venandum,
1615 682 1737 712 recessit
1747 682 1788 712 ab
1798 682 1880 713 Urbe
1890 693 1944 722 per
1954 683 2178 723 pmtsmossui
2194 691 2241 715 ι.-’

1371 736 1430 756 ιιοιι
1447 726 1544 765 petita
1560 726 1681 756 licentia
1696 737 1715 756 a
1732 727 1762 757 S.
1779 727 1824 762 P.
1841 727 1940 757 iturus
1955 727 2160 759 Mediolanum
2173 737 2263 768 pto

1371 770 1460 800 rebus
1473 775 1591 801 statum
1606 770 1752 801 Ludovici
1767 771 1853 802 ducis
1866 771 2038 807 Mediolani,
2054 771 2158 803 fratris
2169 780 2263 843 ιιιι,1

1371 815 1522 845 uentibus.
1564 815 1597 845 L.
1619 825 1644 845 c.
1666 826 1696 855 p.
1718 817 1775 846 546
1795 816 1848 846 σιτ.
1870 818 1937 847 548.

1448 859 1524 898 Auq.
1542 859 1562 889 3
1589 864 1662 890 ante
1678 859 1759 890 diem
1777 861 1900 891 recessit
1917 871 1954 891 ex
1972 860 2055 891 Urbe
2071 860 2165 893 card.
2162 869 2213 892 ι.
2222 859 2267 871 '
2280 891 2314 905 -.·›

1371 904 1469 934 iturus
1494 904 1708 940 Mediolanum,
1735 915 1806 935 cum
1832 905 1912 935 bona
1937 905 2036 944 gratia
2061 909 2094 936 et
2118 883 2281 943 ms*
2287 938 2295 945 ,

1372 948 1404 978 L.
1429 959 1454 978 c.
1479 950 1545 979 549.
1586 948 1640 979 Cui
1666 950 1702 979 12
1725 949 1804 980 Nov.
1830 951 1914 985 1498,
1939 960 2010 980 cum
2031 949 2232 991 petivisset
2290 953 2331 991 '¹32'

1370 992 1427 1022 sibi
1453 992 1547 1032 gratis
1573 993 1713 1029 concedi,
1734 993 1804 1024 licet
1829 994 2049 1025 constitutione
2074 987 2243 1042 quadan}¹

1371 1042 1458 1072 esset,
1480 1037 1561 1077 quod
1581 1037 1748 1068 cardinales
1767 1038 1848 1068 ultra
1867 1049 1983 1069 annum
2002 1049 2022 1069 a
2041 1038 2131 1070 Curia
2166 1042 2184 1063 ·.:
2212 1036 2214 1039 ’
2232 1056 2234 1059 >

1371 1081 1526 1121 privilegio
1537 1082 1660 1113 minime
1670 1082 1846 1122 gauderent,
1860 1087 1964 1114 tamen
1975 1087 2114 1123 respectu
2124 1077 2262 1125 ΜΨ

1370 1136 1544 1156 concessum
1557 1131 1631 1157 erat.
1658 1126 1718 1157 cfr.
1732 1127 1784 1158 AC
1796 1127 1918 1158 Miscell.
1933 1127 2055 1164 XLIV.
2069 1129 2088 1159 4
2101 1132 2134 1158 ot
2220 1130 2283 1166 ’ὂ

1447 1171 1523 1210 Aaq.
1549 1171 1570 1201 6
1605 1171 1682 1201 obiit
1708 1171 1843 1202 Joannes
1869 1172 1917 1203 tit.
1944 1183 1968 1203 s.
1997 1172 2128 1204 Sabinae
2235 1171 2238 1174 ”
2249 1169 2270 1186 ”’

1392 1215 1596 1254 s.Dionysii“
1618 1215 1698 1256 vulg.
1721 1226 1854 1256 nuncup.
1877 1216 2000 1255 (Burch.
2015 1217 2098 1248 Diar.
2115 1217 2134 1248 l.
2154 1207 2215 1265 Qis'

1369 1238 1435 1294 553,
1456 1261 1619 1295 557-550,
1640 1261 1707 1296 551,
1728 1262 1810 1300 554.)

1447 1305 1522 1343 Auq.
1539 1304 1560 1334 9
1588 1303 1618 1335 S.
1632 1305 1665 1336 P.
1689 1305 1721 1335 in
1737 1315 1793 1336 suo
1807 1306 1986 1336 consistorio
2001 1310 2126 1342 mereto,
2143 1309 2207 1341 aa

1369 1349 1484 1378 creavit
1501 1349 1634 1388 legatum
1649 1349 1688 1380 de
1705 1349 1798 1380 latere
1813 1350 1853 1380 ad
1869 1349 2110 1381 dominationem
2124 1348 2182 1382 V
2221 1383 2223 1385 ,
2243 1356 2261 1397 s

1369 1393 1408 1422 ad
1430 1393 1504 1423 alias
1525 1398 1694 1433 potestates
1716 1394 1868 1425 Joannem
1889 1405 1913 1425 s.
1937 1395 2049 1426 Mariae
2070 1395 2102 1426 in
2123 1394 2177 1428 via
2194 1389 2267 1428 m

1369 1437 1449 1467 card.
1471 1437 1508 1467 de
1530 1438 1648 1478 Borgia,
1669 1438 1722 1479 qui
1741 1438 1791 1469 die
1810 1440 1848 1470 26
1868 1439 1945 1478 Aug.
1966 1449 2052 1479 prox.
2072 1449 2157 1480 sequ.
2258 1443 2264 1447 ’“

1370 1481 1460 1512 Urbe.
1502 1482 1552 1512 AC
1572 1482 1820 1519 Misenll.111,9.

1445 1527 1524 1566 Sept.
1538 1526 1578 1557 23
1603 1527 1745 1567 Baptista
1759 1527 1808 1558 tit.
1822 1538 1861 1558 ss.
1877 1528 1948 1559 Joh.
1964 1532 1997 1558 et
2010 1528 2097 1560 Pauli
2109 1526 2318 1571 Μαι

1370 1570 1485 1601 Ursinis
1509 1571 1631 1602 recessit
1654 1571 1694 1602 ab
1719 1571 1801 1603 Urbe
1825 1576 1857 1603 et
1880 1573 1938 1603 ivit
1961 1582 2066 1604 versus
2089 1570 2327 1611 Hm

1369 1625 1467 1654 regem
1489 1615 1641 1646 Franciae.
1683 1616 1717 1647 L.
1738 1626 1764 1647 c.
2318 1621 2327 1628 ’“

1443 1660 2221 1694 Oct.111erisVIS.P.insuosecretoccn-'stosic
2256 1681 2293 1700 ι,

1369 1704 1459 1734 tiavit
1483 1709 1580 1744 apost.
1609 1705 1688 1736 sedis
1714 1705 1848 1746 legatum
1865 1706 1922 1737 civ.
1939 1710 1972 1737 et
1986 1706 2152 1739 comitatus
2167 1705 2331 1747 m

1369 1748 1523 1779 Tudertin.
1545 1749 1654 1789 Raym.
1674 1749 1859 1781 cardinalem
1879 1750 2018 1786 Gurcen„
2039 1750 2091 1792 qui
2110 1754 2216 1782 umus
2231 1748 2278 1783 ab
2298 1751 2303 1757 ¹
2329 1790 2332 1795 ι

1368 1793 1448 1823 card.
1462 1803 1520 1823 uon
1534 1794 1592 1824 fuit
1603 1794 1967 1831 associatusaddomum,
1979 1805 2051 1827 cum
2061 1794 2215 1836 legans
2284 1812 2297 1821 ν

1368 1837 1407 1867 sit
1422 1838 1451 1867 in
1467 1838 1553 1868 terris
1568 1838 1726 1870 Ecclesiae.
1751 1839 1967 1870 Pronuntiavit
1980 1839 2074 1871 stiam
2087 1839 2168 1871 idem
2181 1837 2286 1881 &1³3
2294 1837 2328 1893 δ’

1369 1926 1546 1965 legationem
1575 1928 1746 1963 cessavisse
1776 1932 1808 1959 st
1835 1928 1970 1968 legatum
1999 1929 2115 1960 Bonon.
2153 1944 2167 1955 .,
2256 1961 2270 1970 ,‚

2192 1972 2267 2009 *ις’

1367 2028 1508 2055 ecclesiam
1528 2029 1676 2060 Bisuntin..
1695 2029 1771 2057 illam
1788 2029 1996 2058 instanti—imis
2014 2029 2163 2065 precibus
2155 2013 2354 2167 &gfff
2389 2067 2391 2071 .

1367 2081 1430 2099 cum
1450 2073 1568 2107 primum
1588 2074 1787 2108 possessionm
1803 2073 1933 2101 ecclesiae
1950 2074 2052 2102 Meton.
2070 2071 2279 2113 susquffl,
2356 2067 2406 2115 ”ff

1368 2118 1581 2144 reservationem
1602 2126 1619 2144 a
1641 2117 1778 2146 Ponam
1797 2126 1827 2145 se
1848 2118 1950 2147 habere
1969 2118 2090 2150 dicebat.
2111 2117 2220 2147 mbo
2252 2118 2259 2122 ”
2272 2117 2282 2121 ⁴
2317 2106 2379 2127 ””“
2397 2119 2399 2122 ’

1367 2161 1552 2189 dimissurum.
1582 2162 1620 2189 Et
1633 2170 1697 2191 cum
1713 2162 1832 2190 Romam
1847 2163 2000 2198 aplicusrit.
2016 2162 2189 2193 aumas-n
2293 2171 2296 2176 ¹

1367 2206 1390 2231 si
1406 2205 1440 2232 de
1458 2206 1605 2233 Bisuntina
1620 2207 1645 2233 ei
1662 2207 1863 2242 provideretur.
1896 2207 1951 2235 ott.
1970 2207 2030 2235 Lib.
2047 2207 2126 2236 ιὺὶ
2142 2203 2326 2246 *ΰᾌ

1370 2250 1437 2276 1⁴98
1451 2259 1538 2285 mque
1553 2250 1589 2278 ιιι
1603 2252 1621 2278 5
1636 2251 1693 2278 sui.
1712 2252 1780 2278 14⁹9
1794 2252 1853 2284 <Ac
1874 2252 1951 2280 um
1974 2251 2068 2280 mv
2082 2251 2102 2279 ι.
2116 2251 2155 2287 s).
2169 2243 2266 2281 -ὤ

2384 2132 2400 2143 ρ.

2346 2147 2405 2170 ηε

2313 2239 2351 2260 7„ae
2340 2224 2405 2257 ῥ”Ψῖ

1368 2295 1402 2321 23
1416 2295 1480 2321 sm.
1499 2296 1566 2322 μου
1579 2295 1677 2322 habim
1689 2296 1764 2323 mre.
1781 2297 1908 2323 souma.
1921 2297 1988 2331 agit
2001 2296 2109 2324 litters·
2119 2292 2299 2331 ean-n
2303 2280 2401 2345 ἶ,

1367 2347 1400 2365 ex
1420 2339 1548 2366 Aviliana
1567 2340 1600 2367 10
1618 2339 1683 2367 Jan.
1706 2340 1773 2367 1⁴90
1789 2341 1881 2371 datas.
1899 2341 2002 2376 quibus
2017 2340 2278 2381 mse-su
2296 2337 2401 2394 ss».

1367 2383 1439 2409 diem
1454 2383 1609 2410 Florentiae
1623 2384 1666 2411 vel
1679 2385 1779 2411 saltem
1794 2385 1944 2417 Bononiae.
1958 2385 2022 2412 inde
2036 2384 2156 2414 Romam
2212 2400 2233 2419 :¹
2255 2399 2257 2402 >
2289 2400 2290 2403 =

1312 2424 1315 2437 ⁴
1366 2428 1470 2462 gratias
1493 2428 1527 2454 S.
1544 2428 1682 2460 Pontifici,
1704 2428 1780 2464 quod
1801 2429 1837 2456 de
1859 2429 2007 2456 Bisuntina
2027 2429 2092 2457 essi.
2114 2428 2184 2458 nihil
2202 2427 2248 2459 ss
2260 2421 2379 2468 “ff

1312 2469 1315 2474 “
1366 2473 1506 2502 statuerit,
1528 2476 1556 2499 et
1578 2472 1746 2507 supplicans,
1768 2476 1800 2500 ut
1822 2473 1874 2500 hac
1896 2474 1924 2501 in
1946 2482 1975 2501 re
1996 2473 2174 2509 sapandu-
2192 2467 2282 2503 ἢ
2369 2479 2408 2520 ζμ,

1366 2524 1447 2542 suum
1460 2517 1545 2551 ipsius
1556 2517 1723 2548 adventum.
1735 2517 1844 2549 deinde,
1857 2522 1889 2544 ut
1902 2518 1992 2553 ipsum
2004 2518 2080 2554 apud
2091 2525 2183 2554 regn
2193 2515 2320 2549 Μ

1367 2560 1441 2594 quod
1459 2569 1493 2587 ex
1513 2561 1628 2588 Francia
1646 2561 1682 2588 ad
1702 2561 1805 2589 Urbem
1823 2566 1959 2589 venturus
1975 2562 2143 2595 diuos-stit·
2161 2559 2332 2603 pm

1367 2613 1442 2631 mum
1466 2605 1516 2631 sibi
1540 2614 1603 2632 cum
1626 2605 1798 2640 suppelectili
1822 2606 1958 2642 rebusque
1981 2607 2140 2634 asenarius
2161 2608 2254 2642 Μ
2266 2599 2359 2637 &t
2397 2637 2399 2639 ,

1367 2649 1576 2676 mendicatum
1569 2658 1606 2676 ire
1620 2653 1743 2684 cogatur.
1770 2650 1798 2677 L.
1814 2659 1836 2676 c.
1852 2650 1871 2677 1.
1886 2651 1980 2677 90.—-
1992 2651 2072 2679 Gard.
2089 2651 2207 2679 Cum
2220 2636 2378 2702 'mi‘

1367 2702 1452 2727 quum
1471 2694 1600 2720 ecclesiae
1619 2693 1756 2721 Bisuntin.
1777 2694 1939 2722 Franciscus
1956 2695 1992 2722 de
2011 2695 2198 2731 Busleydm·
2260 2710 2284 2717 ·›
2350 2725 2354 2729 .
2349 2679 2392 2732 'f-

1366 2746 1485 2772 aspum..
1502 2738 1584 2764 cessit
1599 2739 1674 2765 omni
1691 2738 1754 2772 juri.
1771 2739 1794 2765 si
1811 2739 1885 2773 quod
1902 2739 1938 2766 ad
1955 2739 2030 2767 illam
2046 2739 2253 2772 0001.me
2291 2750 2314 2758 *-
2336 2735 2399 2791 'fui

1367 2790 1416 2816 pro
1438 2782 1576 2808 nonnullis
1598 2782 1737 2809 beneficiis
1759 2783 1787 2809 in
1810 2782 1875 2809 locis
1897 2787 1958 2810 tum
1981 2783 2168 2819 imperialibus
2189 2786 2251 2812 wan
2307 2785 2311 2788 '
2342 2820 2343 2823 Ἴ
2367 2776 2393 2823 ζ,

1367 2825 1484 2860 Philippi
1504 2827 1644 2853 vacaturis
1661 2835 1749 2861 usque
1766 2826 1802 2853 ad
1820 2836 1958 2854 summam
1976 2828 2047 2856 ³000
2064 2828 2104 2860 fl..
2121 2835 2267 2864 quousque
2305 2844 2324 2848 ..
2343 2824 2354 2856 ⁴.
2380 2826 2386 2829 ’

1366 2870 1466 2896 Meten.
1490 2870 1583 2904 vigore
1604 2879 1670 2897 suae
1693 2872 1885 2898 reservationis
1907 2876 2106 2907 assequeretur.
2140 2871 2170 2900 L.
2193 2880 2217 2900 c.
2239 2872 2260 2900 ί.
2281 2871 2355 2900 8&

1366 2914 1437 2940 infra
1455 2914 1501 2941 lib.
1522 2914 1550 2940 11
1570 2923 1591 2940 s.
1611 2923 1638 2941 v.
1658 2914 1830 2949 Magalonen.
1852 2920 1881 2942 et
1903 2916 2009 2943 hillen.
2367 2925 2369 2927 ·
