2436 3328
814 166 915 209 App.
938 165 966 199 1.
991 164 1280 200 Annotationes
1303 164 1355 198 ad.
1378 166 1477 207 part.
1502 165 1520 198 I

134 266 201 298 Dec.
223 265 262 296 10
293 265 408 294 Eadem
429 264 476 294 die
499 264 650 293 Bissarion
672 264 720 293 tit.
743 264 827 294 basil.
852 265 915 293 XII
937 267 1034 302 apost.

15 309 348 356 ψό,Ν103011113“
366 308 445 347 vulg.
464 319 595 347 nuncup.
614 308 740 337 intravit
757 308 813 338 civ.
832 308 1036 338 Florentinam

114 354 221 384 nu'tus:
236 363 254 383 a
271 353 399 383 dominis
414 353 623 382 cardinalibus,
660 353 740 382 Arm.
759 353 879 387 XXXI,
897 353 933 382 52
950 352 970 382 f.
989 354 1034 382 16.

535 424 644 475 1441.

134 495 216 526 Maii
229 495 268 525 17
294 495 323 524 8.
339 495 372 524 P.
388 494 612 524 commendavit
627 493 769 523 cardinali
783 493 821 522 de
836 493 1034 523 Estoutevilla

37 542 107 566 ³...
120 539 212 570 esiam
239 539 418 568 Nemausen.
447 538 608 568 tenendam
635 548 765 567 unacum
792 537 856 566 aliis
883 537 979 566 titulis
1007 541 1037 566 et

42 566 250 619 fimnmendis,
257 588 398 613 revocata
408 587 510 612 autem
520 582 696 611 commenda
706 581 844 611 ecclesiae
850 581 1034 620 Mirapiscen.

55 628 132 659 alins
157 630 197 666 (V.
222 638 312 666 supra
335 637 378 656 nr.
404 629 433 663 9)
457 627 514 656 sibi
537 636 684 655 concessa.
731 625 798 654 Obl.
824 628 869 660 66,
893 628 940 655 56.

135 672 216 702 Julii
231 672 250 701 6
279 671 428 701 Gerardus
445 670 491 700 tit.
510 681 532 700 s.
551 670 661 699 Mariae
677 670 708 698 in
725 669 939 698 Transtiberim
955 669 1034 698 card.

60 715 253 752 ,‚Cumanus“
287 716 366 754 vulg.
400 725 531 753 nuncup.
564 714 684 744 recessit
716 714 753 742 de
785 713 866 742 curia
899 714 1037 742 Romana

0 764 30 799 ῗξῖ
59 757 206 791 existente
225 760 255 789 in
274 759 425 789 Florentia
443 759 558 798 legatus
576 758 606 787 in
622 757 754 787 dominio
772 757 855 786 ducis
868 758 1036 792 Mediolan.‚

0 798 27 842 ἡ]
59 808 92 835 et
105 804 267 843 participat
282 804 350 833 hinc
365 803 404 832 ad
418 803 493 832 duos
509 812 632 832 menses.
662 801 777 831 Deinde
792 802 850 830 fuit
865 801 1037 831 ordinatum

19 855 20 858 ’
60 858 113 888 per
133 848 269 878 dominos
289 847 326 877 de
347 847 477 886 collegio,
500 846 580 885 quod
601 846 723 875 deberet
743 845 922 884 participare
943 856 1037 884 usque

59 893 100 922 ad
119 902 293 932 regressum.
333 891 415 921 Arm.
438 890 556 925 XXXI,
578 891 624 924 52,
646 889 666 919 f.
690 891 734 919 16.

138 937 206 966 Dec.
225 936 264 966 23
294 935 447 965 Johannes
467 934 514 964 tit.
535 945 572 964 ss.
593 933 680 963 Nerei
700 934 726 963 el
745 933 818 963 Ach.
840 934 936 972 presb.
957 933 1036 963 card.

63 979 283 1016 ‚,Tarentinus“
305 980 384 1018 vulg.
406 989 536 1017 nuncup.
557 978 684 1007 intravit
705 977 761 1007 civ.
784 978 987 1007 Florentinam
1009 982 1039 1007 et

63 1024 242 1065 participare
261 1023 412 1062 reincepit.
453 1023 486 1052 L.
508 1032 532 1051 c.

540 1093 646 1128 1442.

139 1165 230 1194 Mart.
241 1164 260 1194 6
280 1163 336 1193 Die
346 1163 482 1193 Mercurii
492 1173 609 1192 sacrum
620 1162 775 1201 collegium
787 1162 946 1196 ordinavit,
960 1162 1040 1201 quod

65 1209 96 1240 J.
113 1209 163 1238 tit.
180 1219 204 1238 s.
225 1207 352 1238 Sabinae
370 1207 466 1246 presb.
485 1207 576 1241 card„
596 1207 711 1245 legatus
729 1206 766 1235 de
784 1207 876 1235 latere
894 1207 933 1235 ad
951 1217 1040 1245 regna

64 1252 213 1288 Boemiae‚
248 1251 396 1291 Ungariae
425 1255 455 1280 et
481 1251 629 1285 Poloniae,
665 1251 774 1281 debeat
799 1250 978 1289 participare
1003 1251 1039 1280 de

63 1296 271 1328 comunibus
289 1300 320 1325 et
339 1295 462 1325 minutis
481 1295 609 1324 servitiis
628 1305 646 1324 a
665 1295 712 1324 die
732 1295 776 1324 sui
796 1305 926 1324 recessus
946 1305 1039 1333 usque

63 1340 104 1372 ad
119 1350 208 1371 suum
226 1350 389 1379 regressum
407 1339 446 1368 ad
465 1339 577 1368 curiam
597 1339 775 1373 Romanam,
796 1339 848 1368 ubi
866 1339 947 1368 illam
966 1343 1039 1368 tunc

61 1395 126 1416 κω
140 1383 310 1423 contigerit:
327 1388 358 1413 et
372 1383 493 1413 recessit
508 1383 545 1412 de
560 1383 642 1412 curia
658 1384 796 1412 Romana
812 1383 859 1412 die
877 1385 912 1412 14
928 1383 1037 1412 Martii.

61 1429 98 1460 L.
117 1439 143 1459 c.

139 1473 214 1511 Auq.
226 1472 265 1502 24
285 1472 332 1501 die
345 1472 417 1501 Ven.
430 1476 578 1501 venerunt
588 1482 667 1501 nova
679 1471 718 1500 ad
729 1471 842 1500 curiam
855 1471 1038 1500 Romanam:

32 1539 34 1541 >
54 1516 93 1553 Ἰ),
110 1526 150 1547 m.
168 1516 258 1555 Hugo
274 1516 432 1546 cardinalis
449 1516 485 1545 de
503 1516 601 1555 Cypro
618 1516 697 1544 diem
715 1526 802 1545 suum
820 1515 926 1544 clausit
944 1520 1039 1544 extre-

30 1591 31 1594 ,
62 1571 147 1591 mum
164 1560 349 1598 (Gebennis),
367 1559 452 1599 cujus
470 1560 602 1589 animam
615 1559 767 1598 possideat
778 1559 942 1598 paradisus.
962 1560 994 1588 L.
1014 1570 1038 1588 c.

30 1621 33 1623 ·
62 1604 128 1635 NB.
146 1604 200 1635 Oui
213 1606 230 1634 2
247 1605 318 1634 Maii
336 1605 418 1639 1438,
438 1615 531 1643 quum
544 1604 671 1633 ecclesiis
684 1604 848 1633 Nimocien.
862 1608 892 1633 et
906 1604 1038 1642 Paphen.

13 1666 30 1676 Ὶε.
47 1649 135 1680 novi
162 1649 292 1688 episcopi
323 1648 563 1687 praeficerentur,
596 1659 684 1697 super
712 1648 858 1677 fiuctibus
886 1648 1040 1686 utriusque

11 1693 46 1736 {³2}
40 1693 132 1728 ,0001-
157 1703 257 1723 annua
280 1693 383 1732 pensio
408 1694 463 1722 150
487 1693 518 1722 fl.
544 1692 607 1722 auri
631 1696 782 1721 reservata
807 1696 860 1721 est.

34 1739 37 1742 ’
139 1737 216 1776 Sept.
233 1737 271 1766 16
296 1736 466 1766 Ludovicus
482 1737 529 1766 tit.
547 1747 569 1766 s.
587 1737 675 1766 Laur.
693 1737 723 1765 in
739 1737 827 1765 Dam.
844 1737 941 1786 presb.
959 1736 1038 1765 card.

23 1786 27 1787 ⁷
66 1780 309 1820 ‚‚Aquilegensis“
332 1781 447 1820 legatus
470 1781 519 1818 (de
541 1781 632 1810 latere
655 1781 685 1809 in
708 1781 868 1819 provinciis
891 1780 1039 1810 marchiae

65 1824 190 1860 Ancon„
206 1825 302 1854 almae
317 1825 416 1860 Urbis,
432 1825 621 1864 Campaniae,
633 1825 810 1860 Maritimae,
822 1825 949 1854 ducatus
968 1824 1039 1863 Spo-

65 1868 167 1904 letani,
191 1869 415 1904 Romandiolae,
440 1869 471 1898 in
495 1869 751 1908 archiepiscopatu
775 1869 983 1898 Ravennaten.
1010 1873 1040 1898 et

65 1913 123 1943 civ.
149 1913 312 1942 Bononien.
339 1923 373 1942 ac
398 1913 483 1942 terris
509 1913 701 1942 Arnulforum
727 1913 816 1942 tertia
841 1913 888 1942 dje
914 1917 984 1942 ante
1009 1913 1039 1942 in

64 1957 239 1986 consistorio
253 1961 366 1986 secreto
382 1957 550 1994 institutus)
575 1957 613 1986 ad
637 1957 800 1986 marchiam
820 1957 1040 1986 Anconitanam

66 2001 186 2038 (iturus)
211 2000 331 2030 recessit
355 2000 392 2030 de
415 2001 574 2036 Florentia,
601 2001 631 2030 in
653 2012 712 2040 qua
729 2001 876 2038 (civitate)
902 2001 1041 2030 dominus

65 2049 166 2075 noster
190 2044 347 2074 residebat.
389 2045 421 2074 L.
442 2055 467 2074 c.
489 2049 520 2074 et
540 2045 606 2074 Obl.
629 2047 674 2080 66,
697 2047 742 2075 60.

139 2089 198 2118 Oct.
214 2089 252 2118 18
275 2088 432 2118 cardinalis
449 2089 678 2124 „Placentinus“
693 2089 813 2118 recessit
827 2089 864 2118 de
879 2089 1038 2124 Florentia,

64 2142 180 2172 gressus
194 2143 263 2162 suos
276 2133 404 2171 dirigens
419 2143 520 2162 versus
535 2133 755 2168 Lombardiam,
771 2138 802 2162 et
816 2133 922 2162 habuit
936 2133 1039 2162 absen-

65 2176 140 2206 tiam
155 2187 173 2206 a
188 2177 236 2206 die
251 2177 296 2206 sui
312 2187 442 2206 recessus
458 2187 551 2216 usque
567 2177 605 2206 ad
621 2177 696 2206 duos
712 2188 834 2206 menses.
867 2177 922 2206 Die
938 2181 1040 2207 autem

66 2221 102 2251 12
121 2221 192 2250 Dec.
215 2222 288 2250 1442
308 2221 465 2250 cardinalis
487 2221 696 2260 ‚‚Capuanus“,
717 2221 792 2250 sacri
812 2221 924 2260 collegii
945 2231 1039 2250 came-

64 2265 168 2300 rarius,
199 2265 302 2294 retulit
332 2265 404 2294 mihi
436 2265 552 2294 Jacobo
582 2265 734 2304 Radulphi
764 2265 897 2304 ejusdem
928 2265 1040 2304 collegii

64 2309 179 2344 clerico,
196 2309 276 2348 quod
291 2309 455 2338 cardinales
470 2313 706 2348 prorogaverunt
721 2309 889 2338 absentiam
904 2309 1040 2348 praefato

8 2360 19 2375 ³*
65 2353 207 2383 cardinali
226 2353 440 2388 „Placentino“
460 2364 552 2392 usque
571 2353 609 2382 ad
628 2364 759 2382 mensem
777 2363 795 2382 a
813 2353 873 2382 fine
891 2353 1040 2382 dictorum

15 2404 21 2412 ‘⁴
64 2396 192 2427 duorum
213 2397 367 2427 mensium.
413 2397 495 2432 Quae
516 2397 652 2426 absentia
671 2397 719 2426 die
741 2399 775 2426 16
798 2397 866 2426 Jan.
890 2398 963 2427 1443
983 2397 1041 2426 fuit

65 2445 225 2480 prorogata
246 2441 284 2470 ad
307 2451 400 2471 unum
423 2452 554 2471 mensem
576 2452 594 2470 a
616 2441 675 2470 fine
698 2441 788 2470 trium
811 2441 957 2470 mensium
979 2441 1041 2480 jam

23 2482 27 2487 ⁴
65 2494 280 2516 concessorum.
320 2486 402 2515 Arm.
425 2486 442 2515 l.
465 2496 489 2515 c.

139 2529 198 2559 Oa.
212 2529 250 2559 24
265 2530 310 2567 (3)
326 2529 356 2558 in
371 2529 452 2559 curia
467 2534 552 2559 erant
566 2534 736 2568 praesentes
751 2529 781 2558 hi
798 2529 826 2558 S.
843 2529 879 2558 R.
897 2529 931 2558 Ε.
947 2529 1040 2558 cardi-

37 2587 42 2591 *
66 2572 163 2603 mles:
185 2572 388 2609 Bononiensis,
411 2574 644 2608 Terraconensis,
668 2573 870 2608 Venetiarum,
893 2584 915 2602 s.
939 2573 1039 2608 Marci,

65 2627 89 2646 s.
116 2616 252 2652 Sabinae,
276 2617 463 2653 Tarentinus,
488 2617 657 2656 Capuanus,
683 2618 720 2647 de
744 2618 848 2652 Flisco,
874 2617 1041 2646 Russiensis

35 2667 38 2669 ’
66 2660 259 2698 (Ruthenus)‚
271 2661 428 2697 Nicaeuus,
440 2661 600 2696 Cumanus,
614 2661 842 2700 Portugalensis,
856 2661 1039 2696 Morinensis,

65 2704 103 2734 de
112 2705 319 2740 Estoutevilla,
329 2716 352 2735 s.
366 2705 452 2741 Sixti,
463 2706 676 2745 Aquilegensis,
688 2706 862 2744 Columpna,
874 2705 1040 2739 Firmanus,

65 2759 89 2778 s.
107 2748 271 2784 Eustachii,
289 2759 311 2779 s.
330 2749 440 2779 Mariae
457 2760 563 2779 novae.
581 2767 619 2771 —
636 2750 691 2779 Die
709 2751 745 2779 26
763 2749 847 2779 Febr.
868 2750 941 2779 1435
958 2759 1041 2788 prae-

10 2809 18 2825 ς
65 2793 164 2822 sentes
174 2793 306 2822 fuerant:
316 2793 354 2823 de
363 2793 487 2829 Ursinis,
500 2794 703 2828 Bononiensis,
716 2794 915 2828 Placentinus,
927 2793 1041 2822 Rotho-

66 2837 220 2876 msgensis,
235 2837 425 2873 Arelatensis,
442 2848 465 2868 s.
483 2838 592 2873 Crucis,
608 2849 630 2868 s.
647 2838 737 2873 Petri,
753 2838 790 2867 de
805 2838 911 2876 Cypro,
927 2848 950 2867 s.
966 2837 1042 2866 Mar-

0 2878 14 2912 ίῑ
65 2880 140 2916 00111,
157 2891 180 2911 s.
200 2881 286 2915 Sixti.
304 2891 326 2911 s.
343 2881 444 2918 Marci,
461 2881 498 2911 de
513 2882 688 2917 Comitibus,
705 2882 742 2911 de
758 2882 932 2920 Columpna,
950 2881 1043 2911 Vene-

62 2924 185 2965 tiamm,
210 2925 356 2955 Senensis.

1076 353 1112 382 25

1077 626 1113 654 26

1079 891 1112 919 27

1080 1023 1116 1050 28

1079 1429 1115 1457 29

1080 1681 1122 1722 30

1080 2046 1115 2074 31

1081 2486 1117 2514 32

1083 2926 1120 2955 33

1295 263 1353 292 Oct.
1381 263 1420 292 25
1457 263 1536 292 card.
1567 263 1811 302 „Aquilegensis“
1840 265 1960 294 recessit
1986 265 2023 295 de
2051 266 2201 296 Florentia

1221 308 1336 346 legatus
1356 307 1395 336 ad
1415 307 1579 336 marchiam
1601 308 1750 345 (Ancon).
1792 309 1824 338 L.
1847 319 1871 338 c.

1295 352 1353 381 Oct.
1366 351 1404 380 25
1425 361 1478 390 per
1489 351 1654 381 cardinales
1666 352 1833 382 Florentiae
1845 353 1875 382 in
1887 354 2000 392 palatio
2012 355 2202 394 collegialiter

1221 400 1414 434 congregatos
1437 395 1510 425 mihi
1534 396 1650 425 Jacobo
1673 397 1826 435 Radulphi
1849 398 1954 427 clerico
1977 399 2090 438 collegii
2113 400 2201 429 vivae

1221 440 1302 469 vocis
1318 440 1437 469 oraculo
1453 440 1534 469 facto
1551 440 1723 470 ordinatum
1739 446 1793 476 est,
1812 442 1891 480 quod
1908 443 1988 472 card.
2008 443 2199 478 ‚‚Cumanus“

1221 494 1238 513 a
1256 484 1303 513 die
1322 486 1339 514 9
1358 484 1486 523 Augusti
1504 484 1638 523 proxime
1656 485 1819 524 praeteriti,
1841 497 1900 524 quo
1919 487 2025 516 ultima
2044 488 2124 517 facta
2143 488 2201 517 fuit

1221 528 1328 557 divisio
1351 528 1463 565 (servit.
1486 539 1635 558 commun.
1659 534 1689 558 et
1712 530 1841 566 minut),
1864 530 1901 559 de
1923 531 2059 560 absentia
2076 543 2129 561 sua
2145 533 2201 562 sibi

1221 573 1359 602 ultimate
1378 583 1516 602 concessa
1535 573 1659 602 ulterius
1679 584 1738 603 non
1757 574 1867 603 debeat
1886 575 2073 614 participare.
2121 577 2153 606 L.
2174 587 2198 606 c.

1696 649 1801 682 1443.

1297 715 1369 744 Jan.
1391 715 1409 743 1
1442 715 1521 744 card.
1547 716 1756 754 ‚‚Capuanus“,
1780 718 1854 746 sacri
1877 719 1989 757 collegii
2011 721 2198 755 camerarius,

1221 759 1325 788 retulit
1338 759 1410 788 mjhi
1425 759 1445 788 J
1447 759 1541 788 acobo
1555 760 1707 799 Radulphi
1721 761 1852 791 eiusdem
1866 762 1978 801 collegii
1992 764 2105 799 clerico,
2122 765 2201 803 quod

1222 803 1301 832 card.
1319 803 1554 838 „Bononjensis“
1569 804 1660 834 debet
1673 805 1852 844 participare
1867 810 1897 835 et
1912 807 2019 836 habere
2034 808 2201 838 absentiam

1222 858 1275 886 per
1295 851 1394 876 totum
1415 858 1546 877 mensem
1567 849 1637 878 Maii
1658 849 1792 887 proxime
1813 855 1894 880 vent.
1935 851 1967 880 L.
1990 862 2014 880 c.
2037 852 2056 881 f.
2080 854 2123 882 17.

1297 892 1378 920 Febr.
1397 892 1416 921 3
1445 892 1566 921 Branda
1584 903 1629 931 ep.
1652 893 1790 923 Sabinen.
1810 895 1889 924 card.
1910 896 2152 931 ‚‚Placentinus“,
2171 897 2202 926 in

1223 936 1404 965 Lombardia
1422 936 1561 971 existens,
1581 937 1659 966 diem
1677 948 1765 967 suum
1783 938 1890 968 clausit
1908 944 2099 976 exstremum,
2119 941 2202 970 cuius

1223 980 1323 1009 anima
1346 980 1513 1019 requiescat
1535 981 1566 1010 in
1589 991 1670 1020 pace.
1718 983 1750 1011 L.
1775 993 1799 1012 c.

1298 1025 1379 1053 Febr.
1399 1024 1418 1053 6
1449 1025 1477 1054 S.
1498 1025 1530 1054 P.
1554 1026 1679 1064 Georgio
1698 1026 1745 1055 tit.
1766 1037 1788 1055 s.
1809 1027 1985 1057 Anastasiae
2004 1029 2100 1067 presb.
2121 1029 2200 1058 card.

1224 1068 1447 1097 commendavit
1459 1069 1611 1099 ecclesiam
1627 1070 1771 1108 Sagonen.
1786 1071 1947 1101 tenendam
1960 1083 2019 1101 una
2032 1083 2099 1102 cum
2113 1074 2202 1102 titulo

1224 1117 1255 1142 et
1274 1113 1428 1151 quibusvis
1448 1113 1511 1142 aliis
1531 1114 1690 1149 beneficiis,
1712 1125 1788 1153 quae
1807 1126 1886 1144 nunc
1903 1116 2028 1146 obtinet.
2050 1118 2113 1147 NB.
2138 1118 2202 1153 Qua

1224 1157 1345 1186 ecclesia
1373 1158 1407 1186 21
1430 1157 1501 1186 Maii
1524 1159 1596 1187 1445
1618 1158 1766 1197 resignata
1790 1161 1824 1188 13
1847 1160 1931 1189 Febr.
1956 1162 2027 1191 1447
2050 1162 2202 1192 ecclesiam

1224 1201 1350 1230 Naulen.
1373 1201 1490 1230 obtinet
1510 1202 1541 1230 in
1561 1203 1778 1232 commendam.
1821 1204 1887 1233 Obl.
1910 1207 1955 1239 66,
1979 1206 2023 1234 62.

1300 1245 1407 1274 Martii
1422 1246 1438 1275 7
1462 1246 1612 1284 Eugenius
1627 1247 1668 1275 IV
1682 1247 1801 1276 recessit
1814 1248 1850 1277 de
1864 1249 2023 1284 Florentia,
2039 1250 2202 1280 associatus

1224 1300 1241 1318 a
1271 1291 1305 1319 15
1334 1290 1542 1325 cardinalibus,
1572 1301 1687 1329 gressus
1715 1302 1784 1321 suos
1812 1292 1940 1331 dirigens
1969 1304 2070 1322 versus
2101 1294 2200 1324 Senas.

1224 1334 1305 1363 Arm.
1328 1334 1447 1369 XXXI,
1469 1336 1515 1369 52,
1538 1335 1557 1363 f.
1582 1337 1625 1365 17.

1300 1378 1390 1407 Mart.
1415 1379 1453 1407 10
1486 1379 1640 1417 praefatus
1663 1380 1802 1409 dominus
1825 1380 1951 1410 intravit
1975 1382 2030 1410 civ.
2058 1382 2202 1412 Senarum

1224 1433 1353 1451 unacum
1369 1423 1456 1451 dictis
1472 1423 1680 1458 cardinalibus,
1698 1435 1765 1453 cum
1782 1425 1913 1454 maximo
1929 1426 2041 1455 honore
2056 1426 2203 1456 deductus

1223 1477 1275 1505 per
1302 1467 1469 1496 dominium
1499 1467 1626 1496 Senense
1654 1468 1692 1497 ad
1720 1469 1866 1507 palatium
1895 1470 2069 1508 episcopale.
2114 1471 2146 1500 L.
2175 1482 2199 1500 c.

1300 1511 1389 1540 Mart.
1407 1511 1445 1541 28
1470 1512 1550 1541 card.
1569 1512 1814 1551 ‚‚Aquilegensis“
1831 1513 1957 1543 intravit
1973 1514 2028 1543 civ.
2049 1515 2201 1550 Senarum,

1223 1555 1254 1584 in
1275 1566 1334 1594 qua
1354 1555 1494 1585 dominus
1514 1560 1615 1585 noster
1635 1556 1792 1586 residebat.
1835 1558 1866 1587 L.
1890 1568 1914 1587 0.

1300 1600 1372 1638 Apr.
1393 1600 1412 1628 4
1441 1600 1616 1629 Dominicus
1643 1601 1718 1630 diac.
1749 1612 1770 1630 s.
1792 1602 1902 1631 Mariae
1922 1602 1952 1631 in
1972 1602 2021 1631 via
2041 1603 2102 1632 lata
2126 1603 2201 1632 diac.

1223 1644 1303 1673 card.
1318 1644 1515 1678 ,‚Firmanus“
1528 1655 1658 1683 nuncup.
1671 1646 1791 1675 recessit
1802 1646 1838 1675 de
1851 1646 1906 1675 civ.
1922 1647 2075 1682 Senarum,
2088 1657 2203 1686 gressus

1223 1698 1292 1717 suos
1312 1688 1440 1727 dirigens
1460 1699 1562 1718 versus
1583 1689 1704 1724 Urbem,
1727 1694 1757 1719 et
1779 1690 1884 1719 habuit
1905 1690 2081 1720 absentiam.
2123 1692 2155 1720 L.
2177 1702 2201 1721 c.

1300 1733 1372 1770 Apr.
1387 1733 1423 1761 11
1447 1733 1527 1762 card.
1543 1733 1735 1767 ,‚Cumanus“
1749 1734 1875 1763 intravit
1887 1735 1943 1764 civ.
1961 1735 2113 1770 Senatum,
2129 1736 2202 1765 redi-

1223 1787 1275 1805 ens
1285 1777 1321 1806 de
1332 1777 1521 1811 Lombardia,
1534 1777 1585 1806 ubi
1595 1778 1654 1806 fuit
1664 1778 1787 1816 legatus,
1799 1783 1829 1807 et
1839 1778 1951 1817 incepit
1961 1779 2148 1818 participare.
2160 1780 2221 1809 L.c.

1300 1821 1382 1850 Maii
1409 1822 1428 1851 8
1466 1821 1545 1850 card.
1577 1822 1774 1856 „Firmanus“
1804 1822 1930 1852 intravit
1959 1823 2015 1852 civ.
2048 1824 2201 1859 Senatum,

1223 1865 1338 1894 rediens
1359 1866 1396 1894 de
1418 1866 1506 1895 Urbe.
1548 1866 1581 1895 L.
1604 1876 1627 1895 0.

1300 1910 1382 1939 Maii
1399 1910 1418 1939 9
1447 1910 1588 1939 Nicolaus
1607 1910 1655 1939 tit.
1675 1921 1697 1939 s.
1718 1911 1818 1940 Crucis
1837 1911 1867 1940 in
1888 1911 1984 1940 Jerus.
2005 1912 2101 1949 presb.
2122 1912 2201 1941 card.

1226 1954 1309 1983 Senis
1336 1954 1367 1983 in
1394 1958 1544 1983 conventu
1572 1955 1848 1993 Augustiniensium
1876 1955 1954 1984 diem
1982 1966 2069 1984 suum
2097 1956 2204 1985 clausit

1224 2002 1401 2033 extremum,
1433 1998 1516 2027 cuius
1546 1998 1678 2027 animam
1708 1999 1859 2037 possideat
1889 1999 2053 2037 paradisus.
2113 2000 2145 2029 L.
2177 2010 2201 2028 c.

1300 2043 1337 2071 M
1338 2043 1382 2071 aii
1392 2042 1429 2071 12
1450 2043 1529 2071 card.
1543 2043 1787 2081 „Aquilegensis“
1800 2043 1919 2072 recessit
1930 2043 1966 2072 de
1977 2044 2033 2073 civ.
2049 2044 2201 2079 Senatum,

1223 2096 1339 2125 gressus
1358 2097 1426 2115 suos
1446 2087 1574 2125 dirigens
1593 2097 1696 2116 versus
1715 2087 1836 2116 Urbem.
1876 2088 1908 2116 L.
1930 2098 1954 2116 c.

1300 2131 1382 2160 Maii
1402 2131 1440 2160 28
1471 2131 1550 2159 card.
1575 2131 1631 2166 ,‚de
1653 2131 1849 2170 Columpna“,
1872 2131 1987 2161 rediens
2008 2131 2045 2161 de
2066 2132 2202 2170 partibus

1224 2175 1271 2204 vel
1281 2175 1317 2204 de
1327 2171 1432 2204 'castris
1442 2175 1502 2204 suis
1512 2185 1615 2204 versus
1626 2175 1764 2210 Romam,
1775 2176 1902 2204 intravit
1912 2176 1968 2205 civ.
1982 2176 2135 2205 Senatum.
2147 2176 2207 2205 L.c.

1300 2219 1382 2248 Maii
1401 2219 1438 2248 31
1470 2219 1549 2248 card.
1569 2219 1779 2258 ‚‚Capuanus“,
1793 2220 1867 2249 sacri
1884 2220 1997 2258 collegii
2013 2220 2201 2255 camerarius,

1223 2263 1327 2292 retulit
1346 2263 1419 2292 mihi
1440 2263 1555 2292 Jacobo
1576 2263 1729 2302 Radulphi
1749 2264 1879 2293 eiusdem
1901 2264 1965 2293 coll.
1987 2264 2100 2299 clerico,
2123 2264 2203 2302 quod

1224 2307 1303 2336 card.
1316 2307 1559 2342 „Venetiarum“‚
1572 2308 1716 2346 quamdiu
1727 2308 1856 2337 fueritin
1867 2308 2013 2347 legatione
2023 2318 2086 2343 sua,
2097 2308 2206 2337 debeat

1224 2351 1402 2390 participare
1423 2351 1459 2380 de
1480 2362 1629 2381 commun.
1652 2356 1682 2381 et
1702 2352 1773 2381 min.
1795 2363 1871 2381 serv.
1913 2353 1945 2381 L.
1967 2363 1992 2381 c.

1299 2396 1390 2425 Jum‘i
1414 2395 1452 2424 10
1486 2396 1640 2434 praefatus
1665 2396 1744 2425 card.
1773 2396 2017 2432 ‚,Venetiarum“‚
2047 2396 2075 2425 8.
2103 2396 2139 2425 R.
2167 2396 2200 2425 E.

1224 2439 1489 2475 vicecancellarius,
1530 2440 1649 2469 recessit
1678 2440 1715 2469 de
1745 2440 1801 2469 civ.
1836 2440 1979 2470 Senarum
2020 2440 2134 2479 legatus
2163 2439 2202 2468 ad

1225 2484 1387 2513 marchiam
1400 2484 1548 2521 (Ancon.)‚
1562 2488 1593 2513 et
1604 2484 1774 2523 participat,
1788 2489 1823 2513 ut
1835 2495 1924 2523 supra
1936 2484 2051 2513 dictum
2063 2488 2116 2513 est.
2130 2484 2163 2513 L.
2176 2494 2200 2512 c.

1299 2529 1390 2558 «Iunii
1414 2528 1452 2557 23
1486 2528 1650 2557 cardinales
1676 2528 1865 2567 collegialiter
1890 2528 2060 2567 congregati
2085 2528 2201 2557 ordina-

1224 2576 1342 2607 verunt,
1366 2572 1446 2611 quod
1469 2572 1548 2601 card.
1573 2573 1630 2607 „de
1653 2573 1778 2607 Flisco“‚
1803 2573 1853 2612 qui
1876 2572 2010 2602 nondum
2035 2572 2126 2602 Senas
2154 2582 2202 2601 ve-

1224 2620 1319 2651 nerat,
1348 2616 1492 2655 quamdiu
1520 2616 1687 2646 Florentiae
1715 2617 1810 2652 stetit,
1839 2617 1948 2646 debeat
1969 2616 2147 2655 participare
2165 2616 2202 2645 de

1224 2670 1374 2690 commun.
1396 2664 1427 2690 et
1447 2660 1518 2690 min.
1539 2671 1615 2690 serv.
1656 2661 1689 2690 L.
1711 2671 1736 2690 c.

1300 2705 1391 2734 ‚Iunii
1401 2704 1440 2734 29
1461 2704 1541 2734 card.
1556 2715 1598 2739 ,‚s.
1612 2705 1787 2734 Eustachii“
1800 2705 1920 2734 recessit
1931 2704 1968 2733 de
1983 2704 2074 2739 Senis,
2087 2714 2203 2742 gressus

1225 2759 1294 2778 suos
1322 2748 1449 2787 dirigens
1478 2759 1580 2778 versus
1608 2749 1799 2783 Florentiam,
1829 2753 1860 2778 et
1887 2748 2058 2787 participat.
2114 2748 2147 2777 L.
2177 2758 2201 2777 c.

1301 2793 1382 2822 Julii
1402 2793 1438 2822 11
1472 2793 1603 2822 Isidorus
1635 2793 1682 2822 tit.
1706 2804 1743 2822 ss.
1767 2792 1928 2822 Marcellini
1950 2796 1981 2821 et
2003 2792 2083 2821 Petri
2105 2791 2201 2830 presb.

1226 2836 1306 2866 card.
1321 2837 1520 2872 „Ruthenus“
1534 2837 1613 2875 vulg.
1628 2847 1758 2875 nuncup.
1773 2837 1899 2866 intravit
1911 2836 1967 2866 civ.
1984 2836 2129 2865 Senarum
2141 2835 2204 2865 sine

1226 2881 1339 2920 capello
1356 2881 1456 2916 rubeo,
1474 2881 1638 2911 associatus
1654 2891 1671 2910 a
1690 2883 1724 2910 13
1741 2880 1941 2910 cardinalibus
1957 2890 2051 2919 usque
2067 2880 2106 2909 ad
2122 2880 2203 2919 pala-

1225 2925 1303 2955 tium
1323 2925 1436 2954 domini
1455 2925 1549 2955 nostri
1569 2935 1674 2964 papae,
1695 2935 1713 2954 a
1734 2935 1793 2964 quo
1812 2924 1923 2954 ibidem
1943 2928 2080 2963 receptus
2099 2928 2145 2953 est
2164 2924 2203 2953 ad

2075 2985 2115 3017 4¹1¹

2236 167 2276 198 27

2240 313 2277 341 34

2240 579 2279 607 35

2241 855 2279 883 36

2241 987 2277 1016 37

2240 1208 2277 1236 38

2242 1341 2278 1369 39

2241 1473 2279 1501 40

2242 1561 2276 1589 41

2243 1693 2279 1721 42

2243 1781 2280 1809 43

2243 1869 2279 1897 44

2243 2001 2279 2029 45

2242 2089 2278 2117 49

2243 2177 2278 2206 47

2242 2353 2279 2381 48

2242 2484 2278 2513 49

2242 2661 2280 2689 50

2242 2748 2277 2778 51
