2436 3328
830 166 931 216 App.
954 166 982 200 Ι.
1006 165 1297 200 Annotationes
1319 164 1373 199 ad
1394 167 1496 205 part.
1519 165 1538 198 I
2250 166 2289 198 51

71 277 179 308 rugam,
195 267 246 307 qui
260 266 419 297 cardinalis
433 270 503 305 post
517 266 726 295 consistorium
742 265 906 294 associatus
922 265 980 294 fuit
995 275 1048 303 per

71 321 174 344 mnes
187 311 266 342 card.
282 321 376 349 usque
391 310 430 339 ad
444 320 577 340 cameras
591 320 662 339 suae
678 309 874 338 habitationis
888 309 919 338 in
933 308 1047 347 palatio

67 355 234 397 ⁴apostolico
253 355 424 384 existentes.
465 354 524 384 cfr.
546 354 595 383 AC
616 354 736 383 Miscell.
759 353 817 388 III,
839 354 866 383 4.
1069 353 1124 382 552

19 399 61 471 {f
146 408 220 447 Apr.
244 407 282 437 24
316 407 364 436 die
390 407 410 436 J
412 407 476 436 ovis
501 407 580 436 card.
607 406 824 445 Montisregalis
848 405 984 435 discessit
1009 405 1048 434 ab

24 450 152 493 '5²²3Urbc
171 462 261 481 causa
282 451 371 481 eundi
393 451 431 480 ad
453 451 566 480 dictam
587 461 673 480 suam
694 450 883 489 legationem.
927 450 960 478 L.
983 460 1007 478 c.
1068 451 1124 479 553

13 499 21 542 3,-
53 537 59 539 λ
146 505 220 543 Apr.
230 504 268 534 22
288 504 336 533 die
346 504 451 534 Martis
462 504 661 542 Raymundus
674 503 702 533 S.
715 504 751 533 R.
764 503 798 532 E.
810 503 890 532 card.
902 513 924 532 s.
936 502 1047 532 Mariae

46 543 102 591 jn
112 549 278 583 Cosmedin,
292 548 413 578 veniens
425 548 462 577 de
474 548 640 582 Alamania,
654 547 781 576 intravit
792 547 905 577 Urbem
917 557 969 585 per
981 557 1046 585 por-

10 615 11 618 *
50 602 54 604 ⁷
69 595 135 624 tom
144 593 172 622 b.
184 593 294 622 Mariae
304 593 341 622 de
351 593 475 631 Populo,
487 592 538 622 ubi
548 592 652 621 eadem
662 595 749 620 nocte
759 591 929 629 hospitatus
939 591 1046 625 fuerat,

69 640 102 667 ct
122 637 229 666 deinde
250 637 297 666 die
319 647 401 675 sequ.
424 637 454 665 in
477 647 563 666 mane
585 636 624 665 ab
645 636 695 664 illo
717 635 781 664 loco
802 635 967 664 associatus
989 635 1047 663 fuit

69 690 123 721 per
138 691 241 711 omnes
257 681 336 710 card.
354 691 448 719 usque
465 680 503 709 ad
520 680 667 719 palatium
683 690 706 709 s.
725 679 805 708 Petri
822 683 852 708 et
868 679 980 708 ibidem
996 689 1048 717 per

73 724 102 755 S.
111 725 145 755 P.
155 725 186 754 in
194 725 314 764 publico
322 724 497 754 consistorio
506 728 642 762 receptus
650 723 689 752 ad
698 723 832 752 osculum
841 723 935 761 pacis;
952 727 982 752 et
992 723 1050 751 alia

70 769 254 799 ceremoniae
265 769 373 803 factae,
386 773 476 807 prout
487 768 575 798 moris
586 772 644 803 est;
656 771 687 796 et
696 767 802 796 deinde
815 767 873 796 fuit
883 767 1047 796 associatus

70 823 123 853 per
132 813 284 852 praefatos
294 813 374 842 card.
386 823 480 851 usque
489 812 528 841 ad
538 812 661 841 domum
671 821 742 840 suae
753 811 957 840 habitationis.
979 811 1011 840 L.
1022 821 1047 840 c.
1069 812 1125 840 554

69 902 71 906 Α
147 866 229 895 Maii
241 866 260 895 6
283 866 422 904 Aloysius
434 865 471 895 de
485 865 642 903 Aragonia,
657 864 789 893 marchio
805 863 980 898 Giracensis‚
996 864 1047 902 qui

70 911 90 940 3
105 910 178 940 Jun.
196 911 268 939 1492
285 909 509 939 matrimonium
524 908 675 938 contraxit
690 919 759 937 cum
776 908 948 946 Baptistina
963 908 1045 942 Cibo,

71 954 239 984 Innocentii
251 954 328 983 VIII
341 958 449 992 nepote
463 955 510 990 (!)‚
524 957 555 982 et
567 952 674 982 deinde
687 963 782 991 nuper
794 952 824 981 in
840 952 868 981 S.
884 952 920 981 R.
936 952 970 981 E.
985 962 1047 981 car-

71 997 201 1028 dinalem
219 998 278 1027 fuit
295 1001 467 1036 assumptus
484 1002 515 1026 et
533 1001 658 1031 creatus,
678 996 813 1025 nondum
831 1000 934 1025 tamen
952 996 1047 1034 publi-

12 1077 14 1079 ,
71 1046 166 1077 catus,
200 1042 324 1071 militiae
356 1046 513 1080 propterea
546 1041 671 1070 clericali
705 1040 832 1070 adscribi
866 1040 1046 1075 desiderans,

71 1095 171 1121 coi-am
189 1086 359 1116 Alexandro
377 1085 495 1115 Caraffa
514 1095 597 1124 aepo.
618 1085 818 1123 Neapolitano
836 1084 866 1113 in
885 1084 998 1123 palatio
1017 1089 1047 1113 01

71 1134 188 1161 camora
210 1130 314 1159 solitae
336 1129 512 1159 residentiae
534 1128 668 1168 ejusdem
691 1129 913 1167 archiepiscopi,
938 1132 1046 1157 exutus

71 1173 178 1204 habitu
196 1174 300 1209 laicali,
321 1184 410 1213 quem
429 1183 523 1212 usque
542 1177 614 1202 tunc
633 1178 791 1212 tamquam
811 1173 942 1202 marchio
964 1173 1046 1202 0110-

71 1218 165 1248 censis
192 1218 349 1252 detulerat,
378 1228 431 1256 per
458 1221 614 1247 tonsuram
642 1217 749 1255 capitis
777 1217 823 1246 sui
851 1227 903 1256 per
931 1217 1047 1246 dictum

70 1261 324 1301 archiepiscopum
342 1272 433 1291 manu
451 1272 505 1291 sua
524 1261 636 1290 factam
655 1261 714 1290 §uit
731 1261 857 1290 clericali
876 1261 1047 1290 charactere

69 1305 236 1346 insignitus.
278 1306 386 1335 Burch.
410 1306 490 1335 Diar.
514 1306 531 1342 1.
553 1316 578 1335 c.
602 1306 642 1340 II,
666 1307 824 1340 148—150‚
847 1305 900 1334 cfr.
924 1307 987 1334 180.
1066 1307 1122 1334 555

145 1359 228 1389 Maii
238 1359 277 1388 29
301 1359 320 1388 J
323 1369 433 1388 oannes
446 1359 494 1388 tit.
509 1369 531 1388 s.
549 1359 702 1388 Susannae
715 1358 812 1397 presb.
827 1358 907 1388 card.
923 1358 1046 1387 Montis-

68 1403 182 1443 regalis‚
191 1403 307 1433 rediens
316 1413 353 1432 ex
363 1403 497 1441 Neapoli,
508 1403 635 1432 intravit
644 1403 766 1432 Urbem.
786 1403 835 1432 AC
846 1403 928 1432 Misc.
941 1403 1000 1437 III,
1016 1404 1044 1432 4.
1066 1405 1122 1433 556

143 1456 234 1486 lunii
246 1456 284 1486 28
308 1456 339 1485 in
352 1466 417 1485 sero
430 1456 510 1485 card.
526 1456 671 1485 Ascanius
688 1456 716 1485 S.
733 1456 769 1485 R.
787 1456 820 1485 E.
836 1456 1045 1485 vicecancella-

67 1499 129 1531 :ius
142 1500 262 1530 recessit
276 1511 313 1530 ex
328 1500 441 1539 palatio
456 1500 620 1539 apostolico
635 1504 666 1529 et
681 1510 717 1529 ex
734 1500 815 1530 Urbe
830 1504 861 1529 et
876 1500 976 1529 omnia
991 1510 1045 1528 sua

67 1543 139 1574 fecit
149 1554 186 1574 ex
196 1544 309 1583 palatio
320 1544 480 1583 asportari;
493 1544 643 1583 equitavit
654 1548 756 1573 autem
767 1544 806 1573 ad
817 1548 950 1573 castrum
961 1544 1046 1573 Fras-

65 1587 136 1623 cati,
164 1598 224 1618 non
242 1589 327 1627 longe
345 1599 362 1618 a
381 1588 496 1618 Marino
513 1588 638 1623 distans,
664 1588 715 1617 ubi
734 1588 841 1617 deinde
859 1588 1045 1627 aliquamdiu

68 1642 183 1669 moram
201 1632 309 1662 traxit:
341 1633 471 1662 nescitur
491 1643 582 1671 quam
602 1633 641 1662 ob
661 1643 791 1661 causam.
833 1632 940 1661 Burch.
963 1632 1044 1661 Diar.

67 1675 87 1707 1.
107 1686 132 1706 ο.
154 1687 183 1716 p.
206 1678 269 1706 180.
1066 1679 1120 1706 557

142 1720 223 1750 Julii
240 1720 278 1750 12
307 1720 354 1750 die
376 1720 501 1750 Sabbati
523 1721 551 1750 S.
573 1721 605 1750 P.
626 1721 761 1750 discessit
780 1721 818 1749 ab
839 1721 919 1750 Urbe
939 1725 969 1749 et
988 1721 1046 1749 ivit

68 1763 248 1795 vicovarum
268 1764 413 1804 oppidum
433 1765 515 1794 illmi.
537 1765 651 1794 domini
672 1765 795 1803 Virginii
817 1765 926 1799 Ursini,
949 1769 984 1793 ut
1005 1764 1045 1794 ibi

68 1807 180 1838 haeret
193 1809 318 1838 verbum
331 1819 400 1838 cum
414 1809 538 1838 Alfonso
551 1819 618 1847 rege
632 1809 833 1847 Neapolitano
847 1809 877 1838 in
892 1809 1046 1847 praedicto

68 1852 180 1891 oppido
199 1852 354 1882 existente.
395 1853 444 1882 AC
465 1853 584 1882 Miscell.
607 1853 665 1888 III,
687 1854 714 1882 4.
1065 1855 1122 1883 558

143 1896 224 1926 Julii
239 1896 276 1928 17
302 1896 350 1926 die
367 1897 453 1926 Jovis
472 1897 500 1926 S.
519 1897 551 1926 P.
570 1897 684 1926 rediens
701 1908 737 1927 ex
754 1897 836 1926 dicto
853 1897 963 1935 oppido
980 1901 1011 1926 et
1027 1907 1045 1925 a

67 1939 125 1970 ciV.
139 1940 296 1970 Tiburtina
308 1941 434 1970 intravit
447 1941 559 1970 Urbem
572 1941 644 1970 hora
657 1941 754 1980 prima
766 1941 863 1970 noctis
875 1945 906 1970 et
919 1941 1044 1970 associa-

68 1987 118 2014 tus
131 1994 149 2013 a
162 1984 298 2023 praefato
310 1985 432 2014 domino
446 1985 577 2023 Virginio
590 1985 707 2020 Ursino,
723 1990 789 2014 tum
803 1985 926 2014 custode
940 1989 1045 2024 portae

68 2028 181 2068 palatii,
202 2028 260 2058 fuit
278 2029 308 2057 in
327 2029 473 2067 palatium
492 2039 514 2058 s.
535 2029 624 2058 Petri.
662 2029 695 2058 L.
715 2040 739 2059 0.
1064 2031 1120 2059 559

142 2072 200 2102 Oce.
223 2072 239 2101 1
272 2072 320 2101 die
341 2073 477 2102 Mercurii
501 2073 528 2102 S.
553 2073 584 2102 P.
607 2073 638 2102 in
659 2084 713 2102 suo
734 2073 909 2103 consistorio
930 2078 1044 2102 secreto

67 2116 180 2146 creavit
201 2117 333 2155 legatum
353 2116 390 2146 de
411 2117 502 2146 latere
523 2117 561 2146 ad
582 2117 721 2146 Carolum
741 2127 839 2156 regem
861 2117 1043 2146 Francorum

67 2159 282 2198 F(ranciscum)
305 2171 327 2190 s.
352 2161 505 2190 Eustachii
527 2161 674 2190 decanum
694 2161 891 2190 cardinalium
914 2161 1043 2196 „Senen-

66 2205 159 2239 scm“‚
173 2205 225 2243 qui
236 2205 267 2234 in
280 2204 340 2234 fine
352 2205 518 2234 consistorii
530 2215 664 2234 reversus
676 2210 722 2234 est
734 2205 866 2240 domum,
880 2205 1044 2235 associatus

66 2257 86 2278 a
104 2248 314 2278 cardinalibus.
356 2249 387 2278 L.
409 2259 434 2278 c.
1064 2251 1121 2279 560

141 2293 199 2323 Oct.
217 2293 236 2322 8
266 2293 294 2322 S.
314 2293 346 2322 P.
365 2293 514 2322 commisit
532 2293 675 2322 cardinali
692 2293 926 2331 Carthaginensi,
946 2294 1044 2332 legato

66 2335 247 2375 Campaniae
262 2347 357 2376 nuper
370 2341 480 2372 creato,
498 2337 578 2376 quod
593 2337 650 2366 iret
665 2337 703 2366 ad
719 2337 897 2376 legationem
912 2347 998 2367 suam
1013 2342 1044 2366 et

66 2380 106 2410 ad
123 2380 345 2410 Ferdinandum
366 2381 481 2410 Siciliae
499 2391 597 2420 regem
615 2381 849 2420 Neapolitanum
867 2392 970 2411 versus
988 2382 1043 2411 Ur—

67 2423 135 2454 bem
151 2425 330 2460 venientem,
341 2435 430 2464 quem
447 2425 477 2454 in
491 2425 660 2454 confinibus
670 2425 726 2454 civ.
746 2425 962 2455 Terracinensis
972 2426 1043 2454 reci-

66 2472 150 2508 peret
175 2469 336 2499 honorifice
361 2474 391 2498 et
416 2479 510 2508 usque
534 2469 572 2498 ad
589 2470 744 2498 civitatem
761 2469 883 2498 deberet
899 2470 1044 2499 associare

66 2517 199 2552 param.
226 2513 321 2552 Igitur
333 2513 412 2543 idem
425 2513 504 2543 card.
519 2513 567 2542 die
582 2515 613 2543 ll
629 2513 696 2543 Oct.
711 2514 742 2542 in
755 2524 842 2542 mane
855 2513 968 2552 absque
981 2524 1043 2542 001·-

39 2589 43 2592 ,
66 2554 211 2586 dinalium
220 2557 415 2587 associatione
424 2558 575 2596 profectus
585 2562 639 2587 est.
659 2558 767 2587 Burch.
780 2558 860 2587 Diar.
873 2558 890 2587 l.
901 2568 925 2587 c.
937 2568 965 2596 p.
978 2559 1041 2587 192.
1063 2559 1117 2587 561

141 2609 199 2639 Oa.
215 2609 252 2639 17
276 2610 356 2640 card.
375 2610 511 2640 Senensis
526 2611 646 2640 recessit
661 2610 697 2639 de
714 2610 794 2640 Urbe
810 2610 996 2649 profecturus
1012 2610 1042 2639 111

66 2662 152 2683 suam
178 2653 355 2692 legationem
406 2654 456 2684 AC
482 2654 601 2684 Miscell.
631 2655 688 2689 III,
716 2657 743 2684 5.
1063 2656 1118 2684 562

141 2706 198 2735 Oct.
226 2706 263 2735 31
300 2711 369 2746 post
395 2707 554 2746 prandium
581 2707 661 2737 card.
690 2707 866 2736 Valentinus
894 2707 1043 2746 equitavit

66 2749 215 2780 Marinum
226 2760 262 2779 ex
273 2751 478 2780 commissione
489 2761 594 2790 papae,
616 2751 722 2781 absens
739 2751 849 2780 ibidem
868 2761 1040 2790 permansu-

66 2793 124 2829 rus,
153 2804 308 2834 quousque
334 2795 413 2824 card.
440 2795 585 2825 Ascanius
612 2795 722 2825 ibidem
750 2806 896 2834 praesens,
926 2795 976 2834 qui
1003 2795 1041 2824 ad

66 2838 255 2868 vocationem
274 2848 371 2877 papae
392 2839 519 2869 Romam
540 2839 637 2869 iturus
657 2844 730 2875 erat,
753 2840 901 2869 Marinum
923 2839 1039 2868 rediret.

65 2882 223 2912 Dominica
243 2883 260 2911 2
282 2882 358 2912 Νον.
380 2883 409 2912 111
431 2887 518 2912 110010
539 2884 622 2913 venit
642 2884 680 2913 ad
702 2884 813 2913 Urbem
835 2883 873 2912 ad
895 2883 1041 2922 palatium

65 2931 162 2966 apost.
185 2926 223 2955 ad
246 2937 355 2965 papam
377 2927 457 2956 card.
480 2928 633 2963 Ascanius,
657 2928 707 2967 qui
730 2938 797 2957 cum
822 2938 899 2966 papa
921 2927 959 2956 ad
982 2931 1042 2957 tres

1231 263 1318 293 horas
1345 263 1381 292 de
1408 263 1497 292 rebus
1523 264 1712 292 currentibus
1740 264 1857 293 locutus
1885 269 1939 293 est.
1995 265 2103 294 Burch.
2133 265 2213 294 Diar.

1231 308 1249 337 1.
1271 318 1295 336 c.
1318 318 1347 346 p.
1371 308 1434 336 194.
2234 311 2291 339 563

1307 352 1380 380 Nov.
1401 351 1421 380 3
1451 351 1509 380 fuit
1529 362 1629 381 coram
1653 352 1680 381 S.
1704 353 1735 381 P.
1758 353 1948 390 congregatio
1969 353 2103 382 omnium
2123 353 2213 388 card„

1231 396 1278 425 cui
1295 396 1387 425 etiam
1404 395 1483 424 card.
1502 396 1648 425 Ascanius
1664 396 1810 430 interfuit,
1830 401 1860 425 et
1877 397 1935 425 fuit
1952 397 2105 426 decretum
2122 397 2153 426 in
2170 407 2213 432 ea,

1231 440 1359 469 eundem
1379 440 1459 469 card.
1481 440 1643 469 Ascanium
1664 440 1770 469 debere
1791 441 1832 469 ire
1853 441 2036 470 Florentiam
2057 441 2095 470 ad
2116 451 2214 479 regem

1232 484 1383 519 Franciae,
1410 484 1460 523 qui
1484 484 1542 513 illic
1566 484 1643 513 infra
1668 495 1779 522 paucos
1802 485 1865 513 dies
1889 485 2046 514 dicebatur
2070 490 2215 514 venturus

1232 528 1328 565 (venit
1342 528 1389 557 die
1406 530 1438 558 17
1455 528 1555 564 Nov.).
1585 528 1670 557 Card.
1687 529 1832 557 Ascanius
1847 529 1928 558 facto
1943 529 1974 558 in
1988 530 2102 567 palatio
2116 534 2212 568 apost.

1231 572 1357 611 prandio
1375 573 1494 601 recessit
1512 583 1529 601 a
1547 573 1626 602 card.
1646 573 1864 611 Montisregalis
1881 574 2046 602 associatus
2064 584 2158 612 usque
2175 574 2214 602 ad

1232 617 1347 645 voltam
1362 627 1384 646 s.
1401 617 1495 651 Pauli,
1513 617 1564 646 ubi
1579 617 1706 645 intravit
1720 617 1836 655 galeam
1851 617 1962 646 ibidem
1978 622 2213 656 exspectantem,

1231 661 1328 690 iturus
1347 661 1472 690 Ostiam.
1510 661 1624 690 Eodem
1642 661 1689 690 die
1707 661 1738 689 in
1756 672 1820 690 sero
1838 661 1927 690 rediit
1945 662 1983 690 ad
2003 662 2114 691 Urbem
2133 662 2212 691 card.

1232 705 1409 734 Valentinus
1426 716 1463 734 ex
1480 705 1604 740 Marino,
1624 715 1684 743 quo
1701 705 1808 734 missus
1826 705 1932 734 fuerat.
1967 706 2000 735 L.
2020 716 2043 735 c.
2063 711 2096 744 p.
2112 708 2174 735 195.
2235 707 2291 736 564

1308 749 1374 778 Dec.
1391 749 1409 778 2
1434 750 1507 778 feria
1522 750 1612 778 tertia
1626 749 1706 778 card.
1722 750 1868 778 Ascanius
1886 750 1913 779 S.
1931 750 1967 779 R.
1985 750 2018 779 E.
2036 750 2214 779 vicecancel-

1232 793 1322 822 larius
1334 793 1422 822 rediit
1433 793 1550 832 publice
1563 793 1601 822 ad
1614 793 1726 823 Urbem
1739 794 1777 822 ad
1789 794 1937 832 palatium
1949 799 2056 832 apost„
2070 805 2087 823 a
2099 795 2215 823 circiter

1232 838 1269 866 20
1287 838 1428 875 praelatis
1448 842 1478 866 et
1498 848 1606 876 magna
1625 838 1767 867 comitiva
1787 838 1960 867 associatus.
2000 839 2032 867 L.
2053 849 2077 867 c.
2098 849 2126 877 p.
2149 840 2212 867 199.
2234 841 2290 868 565

1308 882 1374 910 Dec.
1396 882 1414 911 9
1445 886 1592 911 venerunt
1612 882 1650 910 ad
1671 882 1818 920 palatium
1838 887 1935 920 apost.
1957 882 2036 911 card.
2059 883 2212 917 Ascanius,

1231 936 1254 954 s.
1280 926 1420 960 Severini,
1444 926 1480 954 de
1503 926 1619 955 Lunate
1710 931 1739 954 et
1762 926 1866 955 eodem
1888 937 1953 955 sero
1974 937 2077 955 01111105
2098 927 2214 956 (10101111

1231 970 1342 999 ibidem
1358 975 1541 999 manserunt.
1571 971 1674 999 Altera
1689 970 1736 999 die
1752 975 1816 999 erat
1831 971 2040 1000 consistorium
2056 976 2212 1005 secretum,

1231 1014 1278 1043 cui
1299 1014 1391 1043 etiam
1411 1014 1483 1043 dicti
1505 1019 1564 1043 tres
1585 1014 1664 1043 card.
1686 1014 1896 1049 interfuerunt,
1919 1019 1949 1043 01
1970 1025 2004 1044 eo
2025 1015 2112 1044 finito
2133 1015 2212 1044 card.

1231 1058 1376 1087 Ascanius
1390 1063 1420 1087 et
1434 1069 1455 1087 s.
1474 1058 1605 1087 Severini
1621 1058 1701 1087 missi
1715 1058 1837 1087 fuerunt
1851 1059 1889 1087 ad
1903 1069 2036 1088 cameras
2049 1059 2214 1098 superiores

1231 1102 1303 1131 dicti
1318 1102 1422 1140 palatii
1437 1113 1526 1141 supra
1540 1113 1660 1141 papam,
1676 1102 1787 1131 ibidem
1800 1103 1905 1132 reclusi
1920 1108 1950 1132 et
1964 1103 2116 1137 custoditi,
2132 1103 2211 1132 card.

1231 1157 1301 1175 vero
1320 1146 1356 1175 de
1375 1147 1492 1175 Lunate
1512 1147 1618 1175 missus
1637 1147 1675 1175 ad
1695 1147 1811 1175 Ostiam
1831 1147 1869 1175 ad
1889 1147 2082 1176 tractandum
2102 1147 2212 1176 ibidem

1231 1190 1379 1229 quaedam
1401 1191 1594 1220 occurrentia.
1637 1191 1669 1219 L.
1692 1201 1716 1220 c.
1739 1201 1767 1229 p.
1790 1192 1854 1220 200.
2234 1194 2289 1221 566

1307 1235 1373 1264 Dec.
1391 1235 1428 1264 19
1454 1235 1597 1264 liberatus
1613 1240 1658 1263 est
1674 1245 1691 1263 a
1707 1235 1915 1264 detentoribus
1931 1235 2010 1264 card.
2028 1246 2050 1264 s.
2070 1236 2211 1270 Severini,

1231 1279 1281 1317 qui
1299 1279 1448 1317 equitavit
1464 1279 1502 1307 ad
1519 1289 1617 1317 regem
1635 1279 1777 1307 Franciae
1793 1279 1830 1307 de
1849 1279 1877 1308 S.
1896 1280 1928 1308 P.
1946 1279 2030 1318 jussu
2047 1284 2077 1308 et
2094 1280 2212 1309 nomine

1230 1333 1298 1352 cum
1319 1334 1354 1352 eo
1375 1323 1523 1361 quaedam
1545 1327 1739 1352 tractaturus.
1782 1323 1813 1352 L.
1836 1334 1860 1352 0.
1884 1325 1948 1352 211.
2232 1326 2287 1354 567

1306 1367 1373 1396 Dec.
1397 1367 1435 1396 25
1469 1367 1554 1396 Card.
1580 1367 1797 1405 Montisregalis
1821 1378 1838 1395 a
1864 1367 1892 1396 S.
1918 1368 1949 1396 P.
1975 1368 2082 1396 missus
2105 1373 2150 1397 est
2173 1368 2212 1396 ad
2235 1397 2237 1399 ,

1230 1421 1327 1449 regem
1348 1411 1490 1440 Franciae
1510 1411 1548 1440 ad
1569 1416 1701 1440 castrum
1722 1411 1890 1446 Brachiani,
1912 1417 1947 1440 ut
1966 1412 2028 1450 ipse
2049 1422 2099 1441 rex
2120 1412 2211 1441 alium

1229 1466 1317 1484 suum
1334 1456 1476 1490 mitteret,
1504 1466 1572 1484 cum
1594 1466 1653 1494 quo
1669 1455 1706 1484 de
1723 1455 1812 1484 modo
1831 1460 1862 1484 et
1883 1457 2041 1494 (tempore)
2061 1456 2211 1485 adventus

1229 1499 1304 1538 regis
1326 1500 1472 1538 praedicti
1493 1500 1686 1528 tractandum
1708 1503 1793 1528 esset.
1836 1500 1868 1528 L.
1891 1510 1915 1529 c.
1938 1511 1967 1538 p.
1990 1502 2054 1529 214.
2230 1502 2287 1530 568

1305 1544 1372 1572 Dec.
1397 1544 1433 1572 31
1470 1544 1541 1573 hora
1565 1544 1661 1582 prima
1685 1543 1781 1572 noctis
1806 1544 1928 1573 Carolus
1952 1555 2002 1573 rex
2028 1545 2211 1573 Francorum

1229 1598 1281 1626 per
1307 1592 1425 1626 portam
1453 1588 1480 1617 b.
1509 1588 1619 1617 Mariae
1646 1588 1682 1616 de
1710 1588 1824 1626 Populo
1850 1588 1977 1617 intravit
2004 1589 2115 1618 Urbem
2142 1599 2211 1617 cum

1229 1632 1361 1661 exercitu
1375 1643 1429 1661 suo
1444 1636 1473 1661 et
1489 1632 1658 1670 hospitatus
1673 1636 1718 1660 est
1732 1632 1762 1660 in
1776 1632 1890 1670 palatio
1904 1643 1927 1661 s.
1943 1633 2043 1667 Marci,
2061 1633 2111 1661 ubi
2125 1633 2212 1662 stetit

1228 1687 1280 1714 per
1295 1677 1427 1714 spatium
1444 1678 1479 1705 16
1495 1676 1610 1705 dierum
1639 1681 1669 1705 et
1694 1676 1888 1714 postmodum
1912 1676 1959 1705 die
1985 1678 2020 1706 16
2048 1677 2116 1706 Jan.
2136 1678 2209 1706 1495

1228 1721 1348 1749 recessit
1362 1731 1398 1749 ex
1413 1721 1527 1759 palatio
1541 1731 1563 1749 s.
1579 1720 1671 1749 Marci
1686 1724 1716 1748 01
1731 1720 1880 1758 equitavit
1894 1721 1925 1749 in
1940 1721 2087 1759 palatium
2101 1725 2209 1759 apost„

1228 1764 1259 1793 in
1283 1775 1343 1803 quo
1367 1765 1425 1793 fuit
1449 1765 1577 1803 gratiose
1602 1768 1738 1802 receptus
1763 1774 1779 1792 a
1807 1764 1834 1793 S.
1862 1765 1893 1794 P.
1920 1770 1950 1793 et
1974 1765 2015 1794 ibi
2041 1765 2211 1803 hospitatus

1229 1819 1322 1847 usque
1348 1809 1386 1838 ad
1413 1810 1447 1839 27
1475 1809 1555 1838 diem
1580 1808 1725 1847 praedicti
1753 1809 1861 1837 mensis
1890 1809 1974 1843 Jan.;
2002 1809 2049 1838 die
2075 1819 2146 1838 vero
2173 1810 2209 1838 28

1228 1852 1362 1891 ejusdem
1378 1863 1447 1882 cum
1463 1853 1600 1891 praefato
1616 1852 1748 1881 exercitu
1765 1862 1819 1881 suo
1835 1853 1956 1882 recessit
1972 1853 2011 1881 ab
2034 1853 2114 1882 Urbe
2139 1863 2209 1882 cum

1228 1897 1370 1926 cardinali
1383 1897 1543 1926 Valentino
1563 1901 1593 1925 et
1604 1897 1713 1935 Magno
1727 1896 1845 1925 Turcho
1866 1897 2010 1935 (principe
2031 1897 2131 1935 Djem)
2153 1897 2209 1926 sibi

1228 1941 1341 1970 tradito
1356 1952 1408 1979 per
1425 1941 1453 1970 S.
1471 1942 1503 1970 P.
1521 1945 1551 1970 et
1566 1941 1715 1979 equitavit
1731 1950 1833 1969 versus
1849 1941 2006 1979 Neapolim
2022 1951 2112 1970 causa
2127 1941 2209 1970 illam

1228 1985 1428 2023 expugnandi.
1469 1985 1519 2014 AC
1540 1985 1660 2014 Miscell.
1684 1984 1741 2018 ΙΙΙ,
1763 1987 1790 2013 5.
2230 1987 2286 2014 569

1704 2076 1807 2109 1495.

1303 2135 1375 2164 Jan.
1387 2135 1424 2163 16
1446 2135 1519 2163 feria
1542 2139 1626 2164 sexta
1650 2135 1729 2164 bono
1752 2145 1839 2164 mane
1862 2139 2046 2163 recesserunt
2068 2145 2103 2163 ex
2128 2134 2209 2164 Urbe

1228 2179 1373 2208 Ascanius
1391 2183 1421 2208 et
1439 2179 1475 2208 de
1494 2179 1610 2208 Lunate
1628 2179 1707 2208 card.
1728 2179 1930 2208 Mediolanum
1948 2178 2027 2212 ituri,
2048 2183 2083 2207 ut
2101 2189 2118 2207 a
2136 2189 2208 2207 non-

1228 2223 1316 2252 nullis
1337 2223 1532 2252 asserebatur.
1575 2223 1684 2252 Burch.
1708 2224 1789 2252 Diar.
1812 2223 1829 2252 1.
1853 2233 1876 2252 c.
1900 2233 1928 2261 p.
1952 2224 2016 2252 221.
2230 2225 2287 2253 570

1303 2267 1375 2296 dan.
1388 2267 1424 2296 21
1450 2267 1484 2296 Β.
1499 2267 1546 2296 111.
1560 2277 1597 2296 55.
1614 2267 1632 2296 J
1635 2267 1682 2297 oh.
1697 2273 1728 2297 et
1741 2267 1826 2296 Pauli
1838 2267 1935 2305 presb.
1950 2267 2029 2295 card.
2044 2266 2080 2295 de
2094 2266 2209 2296 Ursinis

1229 2321 1358 2349 nuncup.
1384 2311 1441 2340 fuit
1463 2311 1494 2340 in
1516 2311 1691 2340 consistorio
1713 2315 1826 2341 secreto
1849 2311 1960 2340 electus
1983 2315 2013 2340 et
2036 2315 2208 2349 assumptus

1228 2355 1258 2384 in
1274 2355 1470 2384 camerarium
1486 2365 1508 2384 s.
1526 2355 1648 2394 collegii,
1666 2356 1713 2384 cui
1733 2356 1760 2385 S.
1779 2356 1811 2384 P.
1830 2355 1956 2384 tradidit
1972 2355 2100 2393 sigillum
2116 2355 2208 2393 ipsius

1227 2399 1340 2437 collegii
1359 2409 1427 2428 cum
1445 2403 1596 2437 potestate
1615 2399 1793 2429 fulminandi
1818 2409 1956 2428 censuras
1980 2398 2068 2437 juxta
2086 2409 2207 2428 consue-

1228 2443 1372 2472 tudinem.
1413 2443 1462 2472 AC
1484 2443 1603 2472 Miscell.
1627 2444 1684 2478 Ill,
1707 2447 1733 2473 5.
2228 2444 2282 2473 571

1302 2487 1374 2516 Jan.
1395 2487 1433 2516 29
1464 2487 1638 2516 nuntiatum
1659 2492 1704 2517 est
1727 2488 1850 2517 Summo
1872 2488 1969 2522 Pont.‚
1992 2487 2039 2516 tit.
2062 2497 2083 2516 s.
2106 2487 2207 2516 Crucis

1227 2531 1306 2560 card.
1328 2531 1505 2560 Toletanum
1526 2531 1556 2560 in
1577 2532 1723 2570 Hispania
1744 2532 1884 2568 (Caracae
1903 2531 1951 2560 die
1972 2532 2005 2560 11
2029 2531 2097 2560 ι1011.
2121 2532 2205 2567 1495)

1227 2575 1305 2604 diem
1326 2575 1465 2604 clausisse
1485 2586 1666 2614 supremum.
1710 2576 1817 2605 Burch.
1842 2575 1922 2604 Diar.
1946 2575 1963 2604 1.
1985 2586 2009 2604 c.
2033 2585 2060 2613 p.
2084 2576 2147 2605 237.
2228 2576 2283 2605 572

1301 2619 1382 2648 Febr.
1403 2619 1421 2648 2
1452 2619 1539 2648 finita
1560 2620 1649 2649 missa
1671 2620 1699 2649 S.
1722 2620 1753 2649 P.
1776 2619 1897 2649 vocavit
1917 2619 1955 2648 ad
1976 2630 2006 2648 se
2026 2619 2207 2648 cardinalem

1226 2663 1397 2702 Carthagin.
1416 2668 1446 2692 et
1463 2664 1489 2693 ei
1506 2663 1589 2693 dedit
1607 2664 1729 2693 titulum
1748 2674 1769 2693 s.
1789 2663 1889 2693 Crucis
1907 2663 1936 2692 in
1956 2663 2052 2692 ι101115.
2073 2673 2136 2692 vac.
2155 2673 2207 2701 per

1227 2707 1274 2736 ob.
1302 2707 1460 2736 cardinalis
1487 2708 1631 2743 Toletani,
1661 2708 1784 2737 titulum
1812 2718 1890 2742 vero,
1921 2718 2009 2746 quem
2036 2707 2098 2745 ipse
2125 2707 2204 2736 card.

1226 2751 1364 2790 Carthag.
1383 2752 1530 2781 habuerat
1546 2752 1606 2781 scil.
1624 2762 1661 2781 ss.
1680 2751 1841 2781 Marcellini
1858 2756 1888 2780 et
1906 2751 1994 2786 Petri,
2013 2751 2096 2780 dedit
2112 2751 2206 2780 cardi-

1226 2795 1286 2824 nali
1307 2795 1530 2825 Cenomanensi.
1572 2796 1604 2825 L.
1627 2807 1651 2825 c.
1674 2807 1702 2834 p.
1725 2797 1788 2825 241.
2226 2796 2282 2825 573

1300 2839 1381 2869 Febr.
1407 2840 1443 2869 21
1481 2851 1615 2869 reversus
1641 2845 1685 2869 est
1711 2840 1749 2868 ad
1776 2839 1897 2874 Urbem,
1925 2850 1942 2868 a
1968 2839 2028 2868 suis
2054 2839 2205 2868 duntaxat

1226 2883 1398 2918 associatus,
1424 2884 1503 2913 card.
1530 2884 1566 2913 de
1592 2884 1717 2918 Lunate,
1745 2883 1795 2922 qui
1821 2894 1915 2922 nuper
1939 2893 2007 2912 cum
2033 2883 2101 2912 dno.
2128 2883 2204 2912 vice-

1225 2928 1400 2957 cancellario
1420 2932 1588 2957 recesserat.
1632 2929 1662 2957 L.
1685 2939 1709 2957 e.
1732 2939 1760 2966 p.
1784 2929 1847 2957 241.
2225 2928 2281 2957 574

2075 2987 2109 3019 7.
