2436 3328
680 189 880 228 Bitecten„
905 189 1106 227 Bitonem,
1130 187 1352 227 Bituricen.,
1376 186 1551 220 Bivinen.
2170 187 2230 218 107

545 285 743 320 Bitecten.
770 285 943 326 (Bitetto)
967 286 1000 316 in
1026 286 1120 317 ltalia
1144 285 1249 324 infer.,
1274 285 1361 317 suffr.
1389 284 1506 315 Baren.
1532 284 1631 325 (33¹s3
1655 285 1700 324 ss.)

14 383 69 417 ab.
88 381 190 415 Caroli
211 382 315 422 (1432)
465 380 584 416 reu-us,
612 379 711 410 abbas
737 390 821 410 mon.
849 390 872 409 S.
901 379 1018 409 Mariae
1044 378 1083 409 de
1109 378 1331 419 Vallepontis1)
1420 378 1495 408 1432
1526 377 1612 418 Sept.
1645 378 1680 407 12
1701 377 1786 407 Arm.
1815 377 1893 414 XII,
1924 378 1977 408 121
2008 388 2037 418 p.
2066 377 2125 408 273

14 434 68 473 d).
89 434 200 476 (Petri)
465 433 643 465 hadericus
668 432 803 471 (Sisola),
829 432 928 463 adiac.
953 431 1026 462 eccl.
1054 432 1247 462 Juvenacen.
1419 431 1496 461 1434
1527 430 1600 461 Jan.
1631 431 1669 460 29
1702 429 1771 460 Obl.
1796 431 1844 467 66,
1867 431 1885 460 9

12 485 67 530 ᾧ,
94 487 248 519 Frederici
277 488 381 527 (1451)
465 486 643 518 Iseonardus
667 485 706 516 de
733 485 855 522 Judjce‚
881 495 949 515 can.
976 484 1188 523 Amalfitan.²)
1420 485 1496 514 1452
1525 484 1600 524 Apr.
1634 483 1669 513 17
1702 483 1771 514 Obl.
1796 483 1844 520 72,
1867 484 1907 513 50

6 539 66 579 ὕ.
86 540 243 572 leonardi
467 540 614 575 sulpitius
642 538 693 577 (de
720 537 938 579 Aquaviva)‚³)
965 537 1047 568 decr.
1075 537 1186 568 doctor
1420 538 1495 567 1482
1525 537 1600 577 Apr.
1631 537 1669 566 26
1702 535 1771 567 Obl.
1795 537 1844 573 83,
1868 536 1905 567 77

8 595 55 634 k.
71 593 159 635 Sulp.
174 593 216 624 ad
230 576 420 624 conversan.
465 592 648 623 Franciseus
672 591 824 631 (Quarti),
850 590 948 621 abbas
972 601 1055 621 mon.
1081 590 1202 631 Templi
1226 589 1376 628 Hieros.4)
1420 591 1496 620 1483
1523 589 1614 620 Febr.
1646 589 1680 619 17
1701 589 1753 620 AC
1775 589 1895 620 Camer.
1920 589 1945 626 Ι,
1969 589 1985 619 7

0 633 64 681 Nob.
87 646 198 678 Franc.
222 647 327 686 (1499)
465 645 646 677 Vincentius
672 644 865 684 Pistagius⁵)‚
893 655 941 684 ep.
969 643 1158 674 Conversan.
1187 644 1256 682 (res.
1287 643 1375 681 1518)
1420 644 1496 673 1499
1522 642 1603 673 Nov.
1631 643 1649 672 3
1703 642 1800 674 Gams
1822 644 1880 673 859

551 771 749 807 Biterren.
774 770 957 810 (Beziers)
982 771 1016 803 in
1041 771 1157 808 Gallia,
1181 771 1271 802 suffr.
1297 771 1487 802 Narbonen.
1513 771 1615 811 (2000
1639 771 1687 805 ss.)

12 866 65 898 ob.
90 866 263 906 Guilelmjl)

13 923 55 951 tr.
85 919 166 951 Lud.
197 919 238 950 ad
267 919 407 950 Narbon.

13 983 73 1004 res.
96 972 182 1004 Petri

13 1025 65 1057 ob.
89 1025 154 1065 (Jo.
180 1025 258 1056 1490
278 1025 353 1056 Maii
375 1024 434 1064 2)³)
465 1024 574 1056 Petrus
597 1023 764 1055 Javailhac

15 1079 85 1118 (res.
107 1078 206 1122 Petri)
464 1077 621 1108 Antonius
647 1077 698 1115 (de
725 1077 835 1113 Bosco,
862 1076 1006 1116 Dubois),
1033 1076 1070 1107 el.
1098 1076 1292 1115 Belvacen.4)

466 866 639 897 Ludovicus
663 865 703 896 de
727 864 904 901 Haricuria‚
930 864 978 895 lic.
1005 865 1036 895 in
1062 864 1171 903 deer.2)
1421 865 1495 894 1451
1531 864 1600 895 Oct.
1633 863 1671 894 27
1703 863 1772 894 Obl.
1797 863 1845 900 72,
1868 865 1907 894 48

466 919 575 950 Petrus
597 918 758 957 (Bureau),
782 929 829 958 ep.
854 917 1051 948 Aurelianen.
1420 918 1493 947 1451
1526 917 1601 948 Dec.
1635 918 1672 947 10
1703 916 1772 948 Obl.
1796 917 1844 954 72,
1868 918 1906 947 49

468 972 605 1002 Joannes
638 970 754 1001 Burelli
789 971 950 1009 (Bureau),
985 971 1084 1001 adiac.
1119 971 1261 1007 Remea„
1295 970 1375 1000 diac.
1420 970 1496 1001 1457
1523 971 1603 1011 Aug.
1635 972 1670 1000 12
1704 970 1823 1000 Schede
1845 969 1877 1000 di
1902 970 2053 1010 Garampi

1420 1024 1498 1054 1490
1527 1023 1604 1054 Julii
1632 1025 1650 1053 5
1704 1023 1800 1054 Gams
1823 1024 1882 1053 518

1421 1077 1496 1107 1497
1528 1076 1614 1117 Sept.
1647 1078 1682 1106 13
1701 1076 1753 1107 AC
1776 1076 1895 1107 Camer.
1921 1075 1946 1112 I,
1969 1075 2007 1106 57

880 1202 1074 1238 Bitontin.
1097 1214 1123 1235 υ.
1147 1202 1352 1238 Botontin.

611 1335 831 1371 Biturioen.
856 1337 1060 1380 (Bourges)
1085 1338 1119 1368 in
1144 1336 1258 1375 Gallia,
1284 1338 1423 1376 metrop.
1449 1337 1552 1377 (4000
1576 1337 1625 1375 ss.)

11 1439 70 1462 res.
92 1429 246 1469 Henricil)
464 1430 602 1461 Joannes
627 1430 735 1460 Cordis
762 1429 896 1469 (Coeur),
922 1430 1060 1460 decanus
1085 1429 1158 1460 eccl.
1184 1429 1374 1468 Pictaven.2)
1418 1430 1494 1459 1446
1525 1429 1611 1470 Sept.
1641 1430 1658 1459 2
1700 1428 1770 1460 Obl.
1795 1429 1843 1465 72,
1869 1430 1906 1458 15

11 1482 63 1515 ob.
88 1482 139 1514 Jo.
164 1483 255 1522 (1482
279 1482 355 1513 Jun.
379 1483 430 1522 25)
462 1483 571 1514 Petrus
601 1483 741 1519 Cadoeti,
773 1483 856 1523 prior
886 1483 959 1514 eccl.
990 1482 1020 1513 b.
1051 1482 1169 1513 Mariae
1198 1482 1237 1513 de
1269 1482 1374 1522 Salis³)
1418 1483 1494 1512 1482
1522 1483 1600 1523 Aug.
1630 1482 1647 1512 7
1700 1481 1770 1513 Obl.
1794 1483 1842 1518 83,
1866 1482 1906 1511 80

11 1534 63 1567 ob.
78 1535 163 1567 Petri
178 1536 270 1575 (1492
284 1535 364 1576 Aug.
380 1537 431 1575 31)
465 1536 636 1567 Guilelmus
659 1535 710 1574 (de
732 1535 902 1575 Oambrai),
924 1535 1088 1574 decanus4)
1418 1536 1494 1565 1492
1522 1536 1600 1576 Aug.
1629 1536 1665 1565 31
1702 1534 1821 1565 Schede
1843 1534 1875 1565 di
1900 1534 2050 1574 Garampi

536 1671 718 1706 Bivinen.
743 1671 925 1714 (Bovino)
948 1673 982 1704 in
1005 1673 1097 1704 Italia
1120 1672 1225 1712 infer.‚
1250 1672 1340 1704 suffr.
1366 1672 1545 1703 Benevent.
1573 1672 1629 1711 (50
1652 1673 1699 1708 fl.)

10 1763 63 1796 ob.
79 1763 165 1795 Petu·
181 1765 282 1803 (1463,
299 1763 360 1802 111,
379 1765 427 1804 18)

11 1815 63 1848 ob.
85 1815 195 1848 Natuli
217 1817 320 1856 (1447)

11 1868 63 1900 ob.
87 1869 220 1901 Joannis

1700 1764 1747 1794 Pii
1771 1764 1804 1794 II
1830 1774 1858 1794 a.
1884 1765 1903 1794 5
1927 1764 1998 1794 Lat.
2025 1763 2044 1794 l.
2071 1774 2117 1805 pr.
2144 1764 2164 1794 f.
2191 1765 2230 1794 39

1701 1817 1798 1848 Gams
1820 1818 1876 1847 861

1699 1870 1780 1901 Acta
1802 1870 1930 1901 consist.
1954 1869 1980 1907 Ι,
2003 1869 2041 1900 74

459 1765 590 1796 Natulus
611 1765 650 1796 de
672 1765 868 1802 Lombarffis,
891 1765 1028 1796 decanus
1050 1765 1123 1795 eccl.
1147 1764 1272 1806 Trojan.

461 1818 599 1850 Joannes
621 1818 764 1849 Candida

461 1872 600 1903 Joannes
614 1871 708 1912 Bapt.
727 1871 914 1909 Gaillardus,
934 1871 1004 1902 cler.
1021 1870 1096 1901 null.
1112 1871 1209 1901 dioec.
1226 1871 1368 1910 (Caven.)

1412 1766 1488 1795 1463
1512 1765 1586 1805 Apr.
1614 1765 1649 1794 18

1412 1817 1487 1848 1477

1412 1871 1487 1901 1499
1514 1870 1587 1901 Maii
1616 1870 1653 1900 10

473 2047 603 2074 Bitecten.

81 2097 102 2130 ι)
121 2097 153 2124 Ο.
177 2098 203 2125 S.
225 2098 256 2124 B.
278 2098 363 2124 dioec.
385 2099 508 2124 Perusin.

1118 2042 1119 2050 ¹
1172 2055 1192 2072 s.
1216 2047 1328 2072 Martini
1350 2047 1379 2072 in
1401 2049 1487 2072 mont.
1512 2046 1600 2080 presb.
1624 2046 1697 2071 card.
1722 2046 1787 2071 olim
1809 2046 1898 2071 factas
1921 2046 2074 2079 plenarium
2096 2045 2229 2071 effectum

1172 2091 1262 2116 sortiri
1278 2091 1377 2117 debere
1392 2094 1422 2116 et
1437 2091 1530 2116 omnia
1545 2093 1574 2116 et
1590 2090 1696 2124 singula
1712 2090 1890 2124 postmodum
1907 2090 1935 2115 in
1951 2090 2119 2116 contrarium
2135 2090 2228 2116 forsan

81 2141 103 2174 ²)
122 2141 183 2168 Def.
201 2145 254 2168 aet.
272 2143 288 2168 3
305 2151 368 2168 ann.
386 2143 502 2176 patiens.

81 2185 103 2218 θ)
122 2186 236 2220 Apresb.
254 2187 318 2212 eccl.
336 2186 371 2213 de
387 2195 408 2213 s.
427 2187 560 2213 Flaviano
578 2187 762 2220 (Giulianova)
779 2188 864 2214 dioec.
883 2188 1011 2222 Aprutin.

81 2229 104 2262 ⁴)
123 2230 155 2257 O.
172 2230 198 2257 S.
214 2231 246 2256 A.
278 2231 358 2262 Quod
372 2239 444 2257 mon.
460 2232 575 2257 retinere
588 2232 613 2257 ei
627 2232 805 2265 permittitur,
819 2233 956 2266 resignato
970 2235 1064 2258 tamen

12 2281 85 2300 mm.
99 2282 121 2300 s.
136 2274 234 2300 Leonis
248 2275 392 2306 Bitetten„
406 2284 489 2309 super
502 2276 580 2308 cujus
594 2275 675 2301 fruct.
693 2276 810 2310 Sulpitio
823 2285 883 2310 epo.
898 2276 1063 2302 Conversari.

11 2325 105 2345 amna
121 2319 215 2352 pensio
232 2320 267 2345 66
283 2319 344 2345 duc.
364 2320 526 2353 assignatur.

80 2362 103 2395 ⁶)
121 2362 171 2389 Oui
194 2363 257 2389 eccl.
284 2363 418 2389 Bitecten.
447 2364 504 2397 jam
529 2365 544 2389 3
570 2364 634 2389 Dec.
662 2365 729 2390 1498
753 2368 892 2390 reservata
915 2368 975 2390 erat
1000 2365 1058 2397 (Ac

10 2405 116 2433 (hm.
134 2407 158 2438 Ι,
175 2408 228 2439 71).

477 2462 607 2489 Biterren.

84 2511 106 2544 ¹)
124 2512 176 2539 Die
196 2513 212 2539 3
231 2513 296 2548 Apr.
321 2515 395 2540 1451.
417 2529 452 2532 —
473 2515 540 2548 Eug.
563 2515 603 2540 IV
624 2523 687 2540 eum
710 2516 776 2540 1444
797 2515 862 2548 Apr.
885 2515 919 2541 20
939 2515 975 2540 ad
996 2515 1059 2540 eccl.

13 2554 186 2583 ΜΠ.
204 2559 234 2583 et
251 2557 346 2584 eodem
364 2558 408 2584 die
429 2558 581 2584 Gerardum
599 2559 719 2584 Macheti
738 2567 779 2592 ep.
800 2559 921 2585 Castren.
942 2559 978 2585 ad
997 2559 1060 2584 eccl.

13 2599 145 2626 Bitefl'en.
173 2601 323 2633 transtulit,
350 2602 395 2628 die
421 2606 515 2628 autem
546 2604 577 2629 10
605 2603 661 2629 Jul.
693 2604 759 2628 1444
787 2605 927 2635 (revocata
967 2603 1061 2629 transl.

14 2643 139 2676 Gerardi)
154 2643 224 2671 hanc
248 2646 311 2672 eccl.
330 2646 464 2672 Guilelmo
480 2647 525 2678 (de
540 2647 732 2679 Estouteville)
748 2648 791 2673 tit.
809 2656 829 2673 s.
846 2647 958 2673 Martini
974 2647 1061 2681 presb.

12 2687 85 2714 card.
100 2688 327 2724 „Andegswenffl
339 2691 457 2717 contulit
469 2691 617 2717 tenendam
630 2700 749 2717 unacum
762 2692 922 2725 episcopatu
935 2692 1062 2725 Dignen„

12 2735 142 2758 revocato
154 2735 248 2759 autem
260 2734 420 2768 episcopatu
434 2735 608 2766 Nemausen.‚
623 2736 662 2761 ita
676 2739 778 2766 tamen,
794 2739 825 2761 ut
839 2736 896 2769 ipse
911 2735 1063 2761 Guilelmus

13 2776 128 2810 pacifice
146 2778 314 2811 possessione
331 2782 437 2812 epatus.
476 2780 651 2813 Andegaven.
673 2780 788 2806 obtenta
807 2783 857 2805 aut
876 2780 992 2813 Dignen.
1013 2783 1063 2805 aut

11 2819 145 2847 Biton-en.
164 2824 285 2855 spatum.
303 2823 438 2856 resignare
455 2823 567 2850 deberet
585 2824 656 2856 (Obl.
677 2825 718 2855 72,
737 2825 753 2850 3
770 2827 799 2850 et
816 2825 851 2856 5).
887 2824 965 2850 Idem
985 2824 1011 2850 S.
1031 2824 1060 2849 P.

7 2863 102 2891 ndhue
114 2866 182 2891 1446
194 2865 264 2892 Νον.
278 2867 294 2894 7
306 2866 334 2892 in
345 2875 395 2892 suo
406 2868 566 2894 consistorio
577 2868 709 2900 decrevit,
722 2869 934 2899 „translationes
947 2868 965 2894 J
967 2869 1064 2894 oannis

0 2909 80 2943 ‚aspi
103 2909 276 2936 Ebredunen.
299 2910 334 2936 ad
355 2911 418 2937 eccl.
441 2911 571 2938 viennen.
595 2921 626 2938 ac
649 2912 775 2938 Guilelmi
797 2913 848 2946 epi.
872 2913 1004 2938 Biterren.
1027 2912 1062 2937 ad

1 2952 74 2980 incl.
95 2953 269 2980 Ebredunen.
361 2958 390 2981 et
409 2956 599 2982 comendam
619 2957 682 2982 eccl.
705 2957 837 2983 Biterren.
862 2956 996 2982 Guilelmo
1017 2957 1060 2982 tit.

1172 2135 1247 2160 facta
1265 2135 1340 2161 nulla
1357 2138 1387 2161 et
1404 2135 1526 2160 invalida
1544 2134 1620 2160 fore“
1640 2134 1712 2166 (Obl.
1733 2135 1776 2165 72,
1798 2135 1854 2166 16);
1873 2134 1921 2160 sed
1939 2134 1998 2160 Nic.
2018 2134 2043 2160 V
2062 2134 2121 2159 illas
2139 2137 2229 2160 trans-

1171 2179 1287 2205 lationes
1303 2179 1348 2205 die
1365 2180 1399 2205 26
1416 2179 1472 2205 Jul.
1493 2180 1559 2205 1447
1577 2181 1696 2204 revocat.

1241 2223 1263 2255 ²)
1282 2223 1343 2249 Def.
1364 2226 1422 2249 nat.
1443 2224 1558 2257 patiens.
1598 2223 1749 2248 Absolutus
1768 2231 1784 2248 a
1804 2222 1928 2256 quibusc.
1949 2223 2079 2253 censuris,
2100 2230 2169 2256 quas
2187 2223 2226 2247 in—

1171 2269 1264 2299 currit,
1284 2276 1316 2293 eo
1335 2267 1409 2302 quod
1427 2267 1660 2293 administrationi
1678 2267 1764 2301 ipsius
1782 2267 1857 2297 eccl.‚
1877 2269 2028 2300 antequam
2047 2266 2228 2292 confirmatus

1171 2315 1222 2342 est,
1239 2320 1267 2337 se
1283 2312 1440 2338 immiscuit.

1241 2356 1262 2387 ⁵)
1283 2356 1334 2381 Per
1354 2356 1433 2388 cujus
1454 2356 1497 2381 ob.
1520 2363 1592 2381 mon.
1615 2363 1635 2381 s.
1658 2355 1731 2380 Trin.
1753 2355 1788 2381 de
1808 2355 1957 2380 Moriniaemo
1979 2355 2011 2381 Ο.
2037 2355 2063 2381 S.
2086 2355 2118 2380 B.
2140 2354 2225 2380 dioec.

1174 2400 1306 2426 Senonen.
1324 2400 1451 2426 vacabat.

1241 2444 1263 2476 ⁴)
1283 2444 1359 2475 „Qui
1386 2444 1514 2470 ecclesiae
1541 2443 1674 2469 Biterren.
1703 2444 1760 2476 jam
1788 2443 1996 2469 administrator
2023 2443 2107 2469 datus
2134 2442 2227 2473 erat“;

1171 2488 1214 2514 die
1229 2489 1301 2514 enim
1316 2489 1347 2514 21
1363 2488 1429 2514 Maii
1446 2489 1513 2514 1490
1527 2488 1554 2513 in
1575 2496 1666 2521 epum.
1694 2488 1826 2513 Biterren.
1860 2490 2003 2521 promotus
2033 2487 2091 2519 (Ac
2120 2487 2224 2513 camer.

1171 2532 1194 2563 Ι,
1216 2533 1252 2564 9),
1274 2532 1321 2558 sed
1342 2535 1409 2558 tunc
1430 2541 1446 2557 a
1467 2532 1549 2557 Petro
1571 2532 1716 2558 Javailhac
1737 2531 1886 2565 impeditus
1907 2534 1975 2561 erat,
1997 2532 2144 2565 quominus
2165 2539 2226 2564 pos-

1171 2577 1317 2602 sessionem
1336 2577 1420 2610 ipsius
1438 2576 1501 2602 ecel.
1521 2576 1635 2610 adipisci
1653 2579 1753 2610 posset.
1791 2576 1867 2602 Obiit
1889 2576 1919 2603 17
1939 2575 2003 2609 Apr.
2026 2576 2102 2602 1537.

1625 2639 1770 2665 Bituricen.

1242 2691 1262 2723 ¹)
1282 2691 1392 2717 Reserv.
1415 2692 1440 2717 ei
1461 2700 1553 2717 annua
1575 2699 1649 2725 pens.
1672 2692 1723 2717 600
1745 2694 1813 2717 scut.
1837 2691 1897 2716 auri
1918 2690 1952 2716 de
1973 2699 2061 2723 cugno
2084 2690 2224 2716 Franciae.

1240 2736 1261 2768 ²)
1281 2736 1412 2762 Notarius
1427 2738 1526 2769 apost„
1543 2735 1596 2761 def.
1614 2738 1667 2761 aet.
1686 2735 1803 2769 patiens.

1239 2780 1261 2811 ³)
1281 2780 1372 2806 Dioec.
1393 2780 1552 2810 Bituricen.‚
1571 2780 1612 2805 lic.
1633 2780 1661 2805 in
1679 2779 1749 2805 decr.

1239 2823 1261 2855 ⁴¹)
1280 2824 1329 2850 Cui
1349 2824 1412 2850 eccl.
1434 2824 1521 2850 Bitur.
1543 2824 1600 2856 jam
1622 2825 1653 2849 18
1673 2823 1738 2849 Dec.
1762 2824 1829 2849 1486
1849 2826 1988 2849 reservata
2007 2825 2067 2848 erat
2087 2822 2160 2854 (Obl.
2181 2823 2224 2853 83,

1172 2869 1240 2900 105).
1283 2868 1334 2894 Die
1358 2869 1369 2894 l
1393 2868 1458 2902 Apr.
1484 2869 1550 2894 1500
1571 2868 1683 2893 ecclesia
1705 2868 1793 2893 Bitur.
1817 2867 1931 2893 cedente
1952 2867 1996 2892 vel
2017 2866 2167 2893 decedente
2191 2866 2223 2892 G.

1169 2921 1246 2946 sepo.
1265 2915 1404 2938 reservata
1420 2915 1463 2938 est
1481 2912 1616 2938 Guilelmo
1633 2912 1667 2937 de
1684 2912 1858 2945 Menipenno‚
1876 2911 1944 2937 alias
1961 2920 1978 2936 a.
1994 2911 2116 2945 capitulo
2134 2911 2224 2936 Bitur.

1115 2982 1117 2991 ι,
1170 2957 1208 2988 (in
1225 2958 1346 2989 sepum.)
1363 2957 1450 2982 electo
1468 2956 1525 2988 (Ac
1541 2956 1645 2982 Camer.
1664 2956 1687 2986 1,
1705 2956 1758 2988 83).

2017 3003 2071 3036 14*
