2436 3328
891 186 1123 223 Cardinales
1146 187 1222 222 sub
1245 186 1316 221 Pio
1338 187 1375 220 Π

225 690 352 729 nensis),
372 690 508 731 denique
532 689 606 720 Pius
628 687 809 730 pp.111;⁶)

2206 189 2245 220 13

767 288 802 323 S.
833 289 877 324 R.
910 288 952 323 E.
979 287 1172 323 cardinales
1199 287 1240 322 ab
1268 288 1344 331 ipso
1372 288 1494 322 creati.-

664 362 696 402 a)
717 361 753 393 in
773 361 876 402 prima
895 360 1082 402 promotione
1102 357 1151 391 die
1171 359 1191 391 5
1212 360 1326 391 Martii
1346 359 1426 390 1460
1446 359 1560 390 habita:
1572 359 1596 398 ¹)

60 427 77 468 )
96 426 236 462 Angelus
253 426 292 458 dc
310 425 491 461 capranica,
510 435 559 465 ep.
579 417 736 454 Reatinus
760 438 792 448 =
818 423 868 454 tit.
891 433 915 453 s.
938 422 1045 454 Crucis
1063 422 1095 453 in
1117 422 1247 462 Jerus2)
1269 423 1305 462 (s.
1326 422 1432 453 Crucis
1451 432 1506 452 seu
1525 421 1704 462 Reatinus),
1730 421 1749 462 †
1772 422 1849 453 1478
1873 422 1937 454 Jul.
1961 424 1993 460 33

65 470 67 472 Ι
96 471 368 514 Borardm‘nruli,
389 489 437 519 ep.
461 477 622 519 Spoletan.
649 491 681 502 =
707 477 757 507 tit.
778 486 802 507 s.
827 475 972 512 Sabinae,
992 475 1065 506 dein
1087 473 1179 515 (1474
1198 475 1273 506 Maii
1293 476 1344 514 23)
1366 485 1414 515 ep.
1438 474 1585 505 Sabinen.
1609 474 1836 515 (Spoletanus),
1857 475 1876 515 †
1898 476 1974 506 1479
1996 476 2070 517 Apr.
2092 478 2125 514 2;
2138 476 2163 516 ³)

13 533 77 573 ,τὲ-1.)
97 532 244 564 Nicolaus
268 531 476 567 Fortiguerra,
503 541 551 572 ep.
579 529 737 560 Theanen.
764 544 795 554 =
821 529 871 560 tit.
894 539 918 559 s.
948 527 1121 559 SCaeciliae
1148 527 1364 567 (Theanensis)
1391 528 1410 567 †
1437 527 1514 558 1473
1540 527 1615 558 Dec.
1643 527 1734 567 21;4)

97 585 276 618 Alexander
296 585 386 616 Oliva
403 585 442 616 de
462 583 672 618 Saxoferratc,
693 582 777 623 prior
796 592 865 622 gen.
887 581 923 612 Ο.
945 581 1000 612 Er.
1018 592 1042 612 s.
1063 581 1143 622 Aug.
1170 596 1201 606 =
1227 575 1277 612 tit.
1298 592 1322 611 s.
1346 580 1508 611 Susannae
1529 582 1565 620 (s.
1589 580 1774 620 Susannae),
1795 581 1814 621 †
1836 582 1912 612 1463
1932 582 2011 623 Aug.
2032 583 2085 619 20;
2099 583 2123 622 ⁵)

7 635 76 679 5)
95 638 281 670 mnaseas
297 636 710 671 Todcschini-Piccolomini,
729 645 836 675 nepos,
857 638 1016 675 protonot.
1037 637 1151 675 apost„
1171 633 1244 665 dein
1263 633 1300 665 el.
1324 633 1435 664 Senen.
1461 648 1493 659 z
1518 633 1598 664 diac.
1628 644 1651 664 s.
1682 633 1844 665 Eustachii
1868 635 1905 674 (s.
1929 635 2093 666 Eustachii
2112 646 2167 667 seu
2193 636 2245 667 Se-

0 736 29 783 {³²
43 745 77 784 6)
97 744 276 776 Bai-cardus
292 743 496 778 Weisbriach,
514 753 583 783 aep.
604 740 834 781 salzeburgen„
854 740 941 781 publ.
960 741 997 770 31
1017 740 1092 771 Maii
1112 741 1189 770 1462
1208 740 1271 779 (tit.
1290 750 1330 770 ss.
1350 739 1442 770 Nerei
1460 743 1493 770 et
1510 739 1602 779 Αο11.)
1593 740 1652 780 )‚†
1671 741 1747 770 1466
1766 740 1856 771 Febr.
1878 741 1914 771 16
1922 751 1929 778 ;
1948 752 1978 772 v.
1998 741 2017 772 l.
2037 752 2062 772 c.
2082 753 2128 773 nr.
2144 743 2217 779 221;

676 829 710 868 b)
732 829 774 859 in'
788 828 920 860 secunda
941 829 1128 870 promotione
1148 828 1188 859 18
1209 828 1279 859 Dec.
1303 827 1393 859 1461
1403 828 1517 859 habita:
1529 828 1554 867 ⁷)

43 893 77 933 7)
97 893 358 925 Bartholomaeus
380 891 553 927 Raoverclla,
577 901 645 932 aep.
670 891 891 922 Ravennaten.
918 905 950 916 =
975 891 1025 922 tit.
1051 901 1074 921 s.
1100 890 1269 921 Clementis
1294 890 1584 929 (Ravennatensis),
1609 890 1628 930 †
1654 890 1730 921 1476
1754 890 1829 921 Maii
1852 892 1870 921 3
1878 891 1912 930 ;⁸)

45 947 78 986 8)
99 946 240 978 Ioannes
264 945 405 977 Gautridi
428 944 602 984 (Jouffloi)‚
628 954 676 985 ep.
701 943 899 981 Atrebaten.,
923 943 996 974 dein
1020 943 1142 975 Albien.
1168 959 1200 968 =
1225 943 1276 974 tit.
1301 954 1325 974 s,
1350 943 1479 974 Martini
1502 943 1534 974 in
1558 946 1658 974 mont.
1679 943 1910 983 (Atrebatensis
1934 944 1984 975 vel
2002 944 2245 984 Albinensis);⁹)

26 1068 259 1103 Rothumngmsis
284 1068 335 1101 (H,
362 1069 415 1100 18),
440 1076 461 1094 s.
490 1067 562 1094 Sixti
587 1067 637 1099 (II,
666 1067 718 1098 19),
745 1067 926 1092 Messanensis
952 1067 1018 1099 (III,
1046 1068 1081 1099 l),

23 1112 143 1140 Ursinus
157 1112 223 1145 (ΠΙ,
238 1113 275 1144 3),
290 1112 482 1138 Avinicnensis
497 1111 563 1144 (ΙΙΙ,
578 1112 615 1143 4),
631 1111 812 1137 Bononiensis
827 1111 892 1143 (ΙΙΙ,
908 1112 945 1143 6),
960 1120 980 1136 s.
997 1111 1082 1136 Marci

25 1156 78 1191 (Π,
91 1157 147 1189 22),
162 1156 362 1190 Segobricensis
376 1155 435 1188 (IV,
452 1157 487 1187 1),
502 1155 673 1181 Zamorensis
687 1155 747 1187 (IV,
762 1156 798 1187 5),
814 1155 955 1188 Papiensis
970 1155 1029 1187 (IV,
1044 1156 1081 1187 6),

26 1201 155 1228 Senensis
171 1200 231 1233 (IV,
249 1201 286 1232 7),
303 1209 324 1226 s.
342 1200 505 1226 Anastasiae
523 1199 583 1231 (IV,
601 1200 638 1231 8),
656 1199 690 1225 de
707 1199 841 1225 Columna
859 1199 893 1231 (Ι,
911 1199 966 1231 42),
984 1200 1082 1225 Portu-

24 1244 153 1280 gflllmflis
170 1243 230 1277 (IV,
248 1244 286 1276 2),
313 1243 556 1270 Vicecancellarius
575 1245 606 1275 (s.
626 1243 741 1274 Nicolai‚
760 1239 808 1274 IV,
827 1244 863 1275 3).
891 1259 927 1261 —
948 1244 1007 1269 NB.
1028 1243 1081 1269 Ab·

24 1291 118 1316 mte-
136 1291 216 1315 cmnt
234 1288 264 1314 hi
283 1288 310 1314 S.
332 1288 365 1313 R.
387 1288 419 1313 E.
440 1287 603 1313 cardinales:
625 1288 806 1321 Augustensis
826 1288 876 1319 (ΙΙ,
899 1289 951 1319 15),
972 1287 1081 1321 Aquile-

21 1333 125 1368 giem
141 1332 192 1365 (II,
210 1333 264 1364 21),
282 1332 434 1358 Aeduensis
452 1332 517 1364 (III,
536 1333 573 1363 5),
591 1340 611 1357 s.
632 1332 706 1357 Petri
725 1332 790 1364 (III,
809 1333 846 1363 7),
864 1332 1082 1358 constantiensis

25 1374 88 1411 (IV,
100 1377 139 1409 9),
150 1385 172 1403 s.
185 1375 282 1410 Angeli
295 1376 345 1408 (ΙΙ,
358 1377 412 1407 26).
425 1391 462 1394 -
474 1376 525 1401 Ι)18
539 1377 572 1402 19
584 1376 653 1410 Aug.
669 1377 737 1402 1458
750 1376 856 1402 Aeneas
869 1377 912 1402 tit.
927 1384 947 1401 s.
964 1376 1082 1402 Sabinae

22 1419 116 1456 pech.
137 1420 211 1446 card.
235 1420 361 1447 Senensis
382 1423 542 1454 assumptus
563 1423 605 1446 est
626 1420 662 1446 ad
683 1429 823 1446 summum
845 1421 951 1454 apicem
972 1423 1082 1454 aposto-

25 1464 100 1493 buu
118 1466 148 1491 et
166 1467 283 1491 vocatus
303 1464 369 1490 Pius
388 1464 431 1495 113
452 1467 481 1490 et
501 1465 652 1490 associatus
672 1464 707 1490 de
727 1464 860 1495 conclavi,
882 1464 956 1498 quod
977 1464 1083 1490 factum

24 1504 104 1537 finit·
94 1515 126 1535 m
140 1508 245 1543 capella
261 1508 366 1542 palatii,
383 1517 470 1542 usque
486 1508 523 1534 ad
539 1508 626 1534 altare
642 1517 662 1534 s.
682 1509 756 1534 Petri
773 1511 801 1534 et
817 1508 947 1534 reductus
963 1509 992 1534 in
1009 1509 1082 1542 pala-

24 1552 99 1582 fiam
113 1560 178 1579 cum
195 1552 323 1578 omnibus
340 1552 413 1578 card.
449 1553 501 1578 Die
518 1553 534 1578 3
554 1553 628 1586 Sept.
651 1554 717 1578 1458
736 1551 800 1578 Piu's
818 1553 847 1578 II
865 1553 919 1578 fuit
936 1556 1084 1579 coronatus

16 1594 56 1629 {fit
73 1595 204 1632 gradibus
223 1605 244 1622 s.
266 1596 341 1622 Petri
360 1599 389 1622 et
408 1596 508 1622 deinde
527 1597 677 1622 ascendens
696 1605 798 1630 equum
818 1597 913 1623 album
933 1598 1084 1623 associatus

19 1640 294 1670 5...cardina1ibus
316 1641 344 1666 in
366 1641 572 1674 pontificalibus
594 1649 658 1666 cum
679 1644 811 1667 consueta
833 1642 1007 1667 solemnitate
1033 1642 1085 1667 ivit

5 1672 101 1723 'ffln
119 1684 266 1711 «Ioannem
274 1684 402 1711 lateran.
435 1685 489 1711 Cfr.
507 1685 582 1710 Arm.
601 1685 712 1715 XXXI,
730 1686 773 1716 52,
790 1685 808 1711 f.
827 1687 861 1711 28
877 1688 906 1711 et
922 1685 993 1719 App.
1012 1686 1026 1711 I
1042 1694 1082 1711 nr.

12 1718 91 1760 ἕξω,
113 1729 172 1759 m,
195 1729 254 1760 198,
276 1729 337 1759 224,
359 1729 419 1759 231,
441 1730 502 1759 238,
524 1730 584 1760 245,
607 1730 666 1759 248,
690 1730 748 1755 251

14 1805 18 1808 ι
97 1771 120 1805 ¹)
138 1772 192 1799 Dio
205 1772 332 1799 Mercurii
348 1773 387 1799 IV
404 1776 488 1807 temp.
506 1774 523 1798 5
538 1773 631 1799 Martii
650 1774 717 1799 1460
733 1774 798 1799 Ρ1118
814 1774 843 1799 II
862 1774 939 1799 Senis
955 1774 1084 1805 existens,

26 1820 114 1851 'quam
132 1816 184 1843 civ.
204 1817 358 1843 intraverat
378 1817 446 1843 1460
465 1817 529 1843 Jan.
551 1818 585 1843 30
603 1818 716 1843 veniens
735 1818 769 1843 de
788 1818 913 1848 Mantua,
933 1819 961 1843 in
981 1818 1085 1851 palatio

26 1859 178 1895 episcopali
195 1860 230 1886 de
247 1868 329 1887 1118118
346 1861 376 1886 in
393 1862 554 1887 consistorio
573 1865 677 1887 secreto
696 1870 759 1887 cum
777 1862 896 1887 dominis
914 1862 1016 1887 cardin.
1037 1862 1084 1888 do-

29 1905 120 1931 minos
133 1903 268 1938 Angelum
283 1904 393 1931 Reatin.
409 1905 561 1936 absentem,
578 1906 730 1932 Berardum
747 1906 886 1939 Spoletan.
903 1909 1084 1940 praesentem,

27 1947 175 1975 Nicolaum
195 1948 346 1974 Thiannen.
369 1949 454 1975 etiam
476 1952 647 1983 praesentem
669 1951 819 1984 episcopos,
841 1950 1030 1976 Alexandrum
1051 1950 1086 1976 de

31 1991 209 2019 Saxofe‘rrato
228 1993 382 2026 generalem
402 1993 467 2019 Ord.
490 1993 604 2025 (Erem.)
625 2002 645 2019 s.
668 1994 737 2027 Aug.
760 1997 932 2028 praesentem
952 1997 981 2020 et
1001 1995 1085 2020 Fran-

28 2037 133 2062 ciscum
160 2036 195 2062 de
223 2036 452 2063 Piccolomim'bus
479 2037 551 2063 sedis
578 2041 666 2071 apost.
697 2039 927 2072 protonotarium,
956 2041 1086 2072 nepotem

27 2088 120 2111 81111111,
139 2079 176 2106 ad
194 2080 359 2114 dignitatem
377 2081 564 2107 cardinalatus
582 2082 732 2116 assumpsit
750 2085 779 2108 et
797 2083 825 2108 in
846 2083 872 2109 S.
893 2083 926 2108 R.
947 2083 979 2108 E.
999 2083 1085 2109 cardi-

29 2123 107 2151 nales
123 2125 241 2155 creavit;
259 2124 303 2151 die
321 2133 386 2150 vero
404 2126 420 2151 8
437 2125 518 2151 Mart.
538 2126 566 2151 in
584 2126 744 2152 consistorio
761 2135 821 2160 gen.
841 2127 944 2160 recepit
960 2127 1087 2153 dominos

29 2167 183 2203 Spoletan„
202 2168 354 2195 Thiannen.
374 2172 404 2195 et
421 2169 575 2203 generalem
594 2170 733 2203 praefatos
751 2173 780 2196 et
798 2171 837 2196 eis
855 2170 932 2196 dedit
951 2171 1087 2205 capellum

3 2234 6 2236 >
25 2212 156 2243 =rubeum,
178 2212 284 2238 domini
305 2216 400 2239 autem
422 2213 495 2239 card.
519 2214 725 2240 associaverunt
746 2214 806 2240 illos
827 2223 914 2240 novos
936 2215 1087 2241 cardinales

22 2264 119 2292 u'uulua
135 2256 171 2282 ad
187 2256 374 2283 habitationes
391 2257 548 2283 eorundem.
582 2258 634 2283 Die
651 2261 745 2284 autem
764 2259 796 2284 19
812 2259 905 2284 Martii
925 2260 992 2285 1460
1011 2259 1036 2285 S.
1056 2260 1085 2285 P.

16 2300 62 2328 'in
82 2301 250 2327 monasterio
272 2309 292 2326 s.
317 2301 455 2327 Francisci
477 2304 557 2327 extra
580 2310 672 2327 muros
697 2302 793 2328 Senen.
817 2303 938 2328 existens
960 2303 1037 2329 dedit
1059 2306 1088 2329 et

7 2345 184 2382 *mgnavit
215 2345 363 2379 praedictis
394 2346 482 2371 tribus
514 2345 615 2371 cardin.
649 2346 746 2372 titulos
777 2346 973 2380 infrascriptos,
1006 2347 1086 2373 videl.

11 2382 183 2423 spoletano
198 2389 242 2415 tit.
259 2397 280 2415 s.
299 2389 426 2420 Sabinae,
442 2389 608 2415 Thiannensi
624 2390 667 2416 tit.
685 2399 705 2416 8.
722 2390 862 2421 Caeciliae,
878 2391 996 2425 generali
1012 2400 1088 2425 prae-

22 2430 110 2467 «disto
120 2433 164 2459 tit.
177 2441 198 2459 s.
214 2433 356 2460 Susannae
367 2434 460 2467 eisque
472 2442 502 2459 os
514 2435 634 2467 aperuit;
658 2435 705 2468 qui
718 2435 829 2468 quidem
841 2435 914 2460 card.
928 2436 1089 2469 inceperunt

32 2476 199 2512 participare
216 2476 252 2503 dc
269 2486 368 2503 comm.
389 2481 417 2504 et
436 2479 501 2504 min.
522 2486 592 2503 serv.
613 2481 641 2504 et
660 2478 694 2504 de
714 2479 932 2512 promotionibus
951 2479 1026 2505 dicta
1045 2480 1089 2505 die

36 2520 71 2549 1⁹
88 2519 177 2547 factis.
216 2521 268 2547 Die
286 2521 405 2556 denique
424 2523 455 2548 21
477 2522 578 2552 Martii,
599 2530 670 2556 quae
689 2522 743 2548 fuit
761 2523 819 2548 dies
840 2523 964 2553 Sabbati,
985 2523 1089 2549 domini

23 2562 178 2599 anolus)
206 2565 341 2592 Reatinus
367 2569 397 2592 et
424 2566 607 2598 Fstanoiscus)
636 2567 850 2600 protonotarius,
878 2575 963 2601 nepos
992 2568 1018 2594 S.
1048 2568 1088 2598 Ρ.,

32 2608 211 2643 imitaverunt
231 2610 283 2636 civ.
309 2609 441 2637 Senatum
464 2614 493 2636 et
515 2619 562 2644 per
584 2611 702 2636 eundem
726 2611 752 2637 S.
777 2611 806 2637 P.
831 2611 1020 2645 praesentibus
1042 2611 1088 2637 do-

35 2652 118 2685 minis
140 2652 213 2679 card.
237 2653 267 2679 in
289 2653 400 2680 ecclesia
423 2655 522 2688 majori
547 2654 643 2681 Senen.
668 2655 697 2680 in
720 2656 880 2681 consistorio
903 2664 962 2689 gen.
988 2656 1090 2689 recepti

0 2731 2 2736 .
34 2696 158 2728 fuerunt,
179 2699 213 2723 ut
234 2698 317 2724 moris
337 2701 388 2730 est,
411 2698 512 2732 quibus
533 2699 591 2732 ipse
615 2699 641 2725 S.
665 2699 695 2725 P.
719 2699 796 2725 dedit
817 2699 952 2733 capellum
975 2700 1090 2726 rubeum

33 2743 66 2767 et
83 2748 178 2767 omncs
195 2740 300 2767 domini
317 2742 390 2768 card.
409 2743 615 2769 associaverunt
634 2743 692 2769 illos
710 2752 797 2777 usque
815 2744 850 2769 ad
869 2744 965 2769 domos
983 2743 1090 2770 habita-

34 2784 146 2812 tionum
168 2793 288 2811 suarum.
334 2785 386 2812 Dic
407 2789 502 2812 autem
524 2787 559 2813 26
580 2787 662 2813 Mart.
688 2788 756 2814 1460
780 2788 857 2813 Senis
880 2788 908 2813 in
931 2788 1091 2814 consistorio

14 2831 142 2856 secreto
165 2829 192 2856 S.
215 2829 245 2855 P.
267 2829 346 2856 dedit
366 2831 426 2856 istis
446 2830 555 2857 duobus
576 2831 648 2857 card.
673 2832 769 2858 titulos
790 2831 987 2865 infrascriptos,
1008 2832 1090 2858 videl.

0 2869 151 2900 “domino
173 2873 293 2900 Reatino
314 2874 358 2900 tit.
382 2882 402 2900 s.
426 2874 519 2901 Crucis
541 2875 569 2901 in
592 2875 682 2902 Jerus.
705 2879 734 2902 et
756 2877 851 2909 nepoti
874 2876 999 2910 praefato
1021 2876 1090 2902 diac.

26 2913 60 2944 ’8.
75 2916 219 2944 &ammi
232 2920 318 2952 atque
331 2918 440 2952 aperuit
454 2919 587 2945 cuilibet·
580 2927 701 2953 ipsorum
717 2929 755 2951 os,
771 2921 819 2954 qui
833 2921 994 2954 inceperunt
1008 2921 1092 2954 parti-

40 2992 45 2994 ,
56 2961 131 2996 pue
141 2961 177 2988 de
188 2970 287 2988 comm.
301 2964 331 2988 et
343 2963 408 2988 min.
421 2970 491 2989 serv.
505 2963 541 2989 ab
553 2962 600 2989 illa
611 2963 675 2989 die*
668 2972 696 2990 111
709 2967 792 2990 antea
804 2967 833 2990 et
845 2964 879 2990 de
892 2964 1094 2998 provisionibus

1189 1067 1235 1092 illa
1257 1066 1301 1092 die
1323 1067 1404 1092 factis
1427 1069 1620 1100 praeterquam
1642 1067 1676 1092 de
1698 1067 1810 1093 ecclesia
1832 1067 1932 1093 Miden.
1956 1068 1984 1093 in
2006 1068 2147 1094 Hibernia.
2191 1068 2244 1094 cfr.

1189 1110 1263 1136 Arm.
1285 1111 1396 1141 XXXI,
1416 1112 1458 1141 52,
1479 1111 1496 1136 f.
1518 1111 1559 1136 29.

1259 1154 1281 1186 ²)
1301 1155 1372 1180 Dein
1386 1156 1465 1187 (1472
1476 1155 1540 1180 1)80.
1558 1156 1601 1187 11)
1614 1163 1655 1188 ep.
1672 1155 1840 1181 Praenestin.
1854 1170 1893 1173 —
1902 1156 1934 1182 V.
1948 1156 2019 1189 App.
2033 1156 2047 1181 I
2060 1165 2099 1182 nr.
2114 1157 2173 1187 202,
2185 1157 2245 1187 208,

1189 1199 1249 1229 210,
1266 1200 1326 1229 215,
1344 1200 1404 1229 217,
1421 1200 1481 1229 243,
1498 1199 1558 1229 253,
1575 1200 1635 1229 255,
1653 1200 1713 1229 263,
1731 1200 1791 1230 266,
1810 1200 1870 1230 277,
1887 1201 1947 1230 311,
1961 1201 2021 1231 326,
2038 1201 2098 1231 333,
2112 1201 2172 1230 334,
2185 1202 2244 1227 389.

1258 1243 1280 1275 ³)
1299 1243 1331 1269 V.
1354 1243 1424 1277 App.
1448 1243 1461 1268 1
1482 1252 1521 1268 nr.
1544 1244 1604 1273 223,
1626 1244 1686 1273 224,
1707 1244 1767 1274 229,
1789 1244 1848 1274 264,
1870 1245 1930 1274 270,
1952 1245 2012 1274 342,
2033 1246 2093 1275 344,
2115 1245 2174 1271 403.

1259 1287 1282 1319 ⁴)
1302 1288 1465 1321 Resignavit
1484 1296 1557 1313 mon.
1578 1296 1598 1312 s.
1620 1288 1715 1313 Basilii
1733 1288 1767 1313 de
1786 1288 1893 1314 Cavata
1913 1288 1943 1314 Ο,
1965 1288 2139 1314 Vallisumbr.
2160 1289 2245 1315 dioec.

1190 1331 1315 1357 Parmen.
1330 1332 1363 1359 27
1377 1332 1455 1357 Febr.
1472 1332 1539 1357 1469
1551 1334 1579 1357 et
1593 1340 1665 1357 mon.
1680 1340 1700 1357 s.
1715 1332 1838 1357 Barthol.
1853 1332 1884 1358 O.
1901 1332 1926 1358 S.
1942 1333 1973 1358 B.
1987 1333 2072 1358 dioec.
2087 1333 2246 1364 Ferrarien.,

1190 1379 1330 1401 reservata
1351 1384 1444 1401 annua
1466 1384 1540 1409 pens.
1564 1377 1598 1401 80
1619 1376 1691 1406 duc.,
1716 1377 1727 1401 1
1751 1376 1812 1402 Oct.
1838 1377 1903 1403 1477
1927 1377 1998 1408 (Obl.
2022 1378 2065 1407 83,
2090 1378 2121 1402 12
2142 1380 2171 1403 et
2192 1379 2245 1410 60).

1190 1419 1234 1445 Ad
1249 1428 1321 1445 mon.
1339 1428 1359 1445 s.
1376 1420 1516 1445 Pancratii
1532 1420 1680 1445 Florentin.
1708 1420 1739 1446 O.
1756 1420 1930 1446 Vallisumbr.
1947 1429 2006 1446 vac.
2024 1430 2072 1454 per
2086 1421 2157 1447 illius
2172 1422 2245 1448 card.

1190 1464 1286 1497 resign.
1313 1465 1345 1490 10
1367 1464 1438 1490 Nov.
1464 1465 1531 1490 1466
1553 1464 1713 1490 Vincentius
1735 1464 1822 1490 abbas
1844 1473 1916 1490 mon.
1940 1465 1974 1490 de
1996 1465 2139 1491 Muscheto
2161 1466 2245 1492 dioec.

1190 1508 1315 1534 Fesulan.
1334 1508 1485 1534 translatus
1501 1511 1551 1533 est.
1586 1508 1730 1533 Praeterea
1747 1517 1795 1542 per
1810 1509 1934 1541 ejusdem
1951 1509 2023 1534 card.
2043 1509 2150 1535 obitum
2167 1519 2247 1536 vaca-

1190 1552 1259 1578 bant
1279 1561 1351 1578 mon.
1373 1561 1393 1578 s.
1417 1552 1535 1585 Sophiae
1555 1552 1705 1577 Benevent.
1727 1552 1758 1578 O.
1782 1553 1808 1578 S.
1830 1553 1861 1578 B.
1883 1556 1911 1578 et
1931 1561 1950 1578 s.
1974 1554 2090 1579 Joannis
2109 1554 2144 1579 de
2163 1554 2247 1580 Here-

1191 1597 1265 1622 mitis
1277 1597 1311 1622 de
1323 1597 1473 1626 Panormo;
1486 1596 1553 1622 illud
1566 1597 1711 1622 cardinalis
1723 1606 1743 1622 s.
1758 1597 1832 1622 Petri
1845 1598 1878 1622 24
1891 1597 1955 1622 Dec.
1972 1598 2047 1628 1473,
2061 1598 2111 1623 hoc
2125 1598 2144 1623 J
2146 1607 2248 1624 oannes

1190 1641 1224 1666 de
1243 1641 1349 1666 Ursinis
1367 1649 1426 1674 aep.
1447 1641 1562 1666 Tranen.
1584 1641 1618 1666 24
1637 1641 1700 1667 Jan.
1723 1642 1791 1668 1474
1809 1642 1837 1666 in
1855 1650 1953 1666 comm.
1974 1642 2155 1668 obtinuerunt
2173 1642 2246 1675 (Obl.

1191 1685 1233 1715 83,
1253 1686 1270 1710 4
1289 1688 1317 1710 et
1335 1686 1389 1716 31).
1432 1684 1465 1710 V.
1490 1685 1561 1718 App.
1587 1685 1600 1710 I
1624 1693 1663 1710 nr.
1690 1686 1750 1715 217,
1771 1686 1831 1715 234,
1856 1686 1916 1715 333,
1941 1686 2000 1711 340.

1261 1728 1282 1760 ⁵)
1303 1729 1334 1755 V.
1359 1729 1430 1762 App.
1455 1729 1469 1754 Ι
1493 1737 1532 1754 nr.
1557 1729 1609 1754 230
1632 1732 1660 1754 et
1683 1729 1728 1754 lib.
1753 1729 1782 1754 II
1806 1738 1826 1755 s.
1851 1738 1876 1755 v.
1901 1729 2070 1755 Camerinen.

1262 1772 1283 1805 ⁶)
1307 1773 1360 1804 Qui
1382 1773 1426 1798 die
1451 1774 1482 1798 15
1504 1773 1570 1798 Maii
1595 1774 1661 1799 1469
1684 1774 1833 1807 resignavit
1856 1782 1927 1799 mon.
1952 1783 1972 1799 s.
1998 1775 2149 1800 Salvatoris
2171 1775 2247 1800 Mon-

1192 1817 1329 1843 tisarmati
1352 1817 1383 1843 Ο.
1408 1817 1473 1843 Cist.
1497 1817 1582 1843 dioec.
1609 1817 1716 1848 Senen.,
1739 1818 1861 1843 obtinuit
1884 1821 1978 1843 autem
2001 1819 2028 1843 in
2051 1827 2148 1844 comm.
2174 1827 2246 1844 mon.

1192 1861 1226 1887 de
1253 1862 1358 1892 Quarto
1381 1861 1412 1887 O.
1438 1862 1464 1887 S.
1489 1861 1520 1887 B.
1544 1861 1628 1887 dioec.
1655 1862 1750 1887 Senen.
1775 1871 1834 1887 vac.
1858 1871 1906 1895 per
1928 1863 2021 1888 transl.
2046 1863 2161 1888 Mariani
2183 1863 2246 1888 abb.

1193 1905 1229 1931 ad
1250 1905 1317 1931 illud
1338 1914 1410 1931 mon.
1433 1914 1453 1931 s.
1478 1906 1565 1935 Salv.;
1590 1906 1620 1931 19
1641 1905 1721 1931 Mart.
1747 1907 1813 1932 1483
1834 1907 1982 1940 resignavit
2004 1915 2075 1932 mon.
2099 1907 2123 1932 b.
2146 1907 2248 1932 Mariae

1193 1950 1264 1975 inter
1284 1953 1392 1975 montes
1413 1949 1444 1975 Ο.
1469 1949 1494 1975 S.
1518 1950 1548 1975 B.
1571 1950 1655 1975 dioec.
1679 1950 1846 1980 Gebennen.,
1868 1959 1965 1976 reserv.
1988 1959 2080 1976 annua
2101 1959 2175 1984 pens.
2197 1952 2249 1977 300

1193 1994 1265 2024 duc„
1281 1996 1310 2019 et
1324 1994 1358 2020 30
1373 1994 1442 2027 Aug.
1462 1995 1527 2021 1497
1544 2002 1616 2019 mon.
1634 1994 1659 2019 b.
1676 1994 1778 2019 Mariae
1793 1994 1827 2019 de
1842 1994 2005 2020 Caramania
2020 1995 2051 2020 O.
2071 1995 2096 2021 S.
2114 1995 2145 2020 B.
2162 1995 2246 2021 dioec.

1193 2038 1314 2068 Taurin.,
1331 2038 1375 2063 die
1392 2041 1486 2063 autem
1503 2039 1537 2063 30
1553 2038 1618 2071 Apr.
1638 2039 1705 2064 1498
1722 2047 1794 2063 mon.
1813 2038 1847 2064 de
1865 2038 1956 2064 Rocca
1973 2039 2004 2064 Ο.
2022 2039 2144 2065 Camald.
2162 2039 2247 2065 dioec.

1193 2082 1297 2108 Aretin.
1310 2082 1382 2114 (Obl.
1397 2083 1439 2112 83,
1455 2082 1499 2112 13;
1513 2082 1558 2108 AC
1571 2082 1675 2108 Camer.
1687 2082 1700 2107 I
1711 2082 1729 2108 f.
1742 2083 1774 2109 57
1785 2086 1813 2108 et
1823 2084 1876 2114 64).
1894 2082 1947 2108 Cfr.
1960 2083 2005 2108 lib.
2018 2083 2047 2108 II
2057 2092 2077 2108 s.
2090 2092 2115 2109 v.
2128 2084 2247 2109 Firman.

1194 2130 1223 2152 et
1238 2126 1355 2152 Pientin.
1373 2129 1458 2159 atque
1473 2126 1544 2159 App.
1562 2126 1575 2151 Ι
1591 2126 1627 2152 ad
1642 2126 1687 2152 lib.
1705 2126 1719 2151 Ι
1735 2135 1774 2152 nr.
1792 2127 1852 2157 205,
1873 2127 1932 2157 209,
1953 2128 2013 2157 211,
2035 2128 2095 2158 214,
2112 2128 2171 2158 232,
2188 2128 2248 2158 267,

1195 2171 1255 2201 295,
1277 2171 1337 2201 302,
1358 2171 1419 2200 312,
1441 2171 1500 2201 532,
1523 2171 1582 2200 535,
1604 2171 1664 2201 560,
1686 2171 1746 2200 562,
1768 2172 1828 2201 575,
1849 2172 1909 2201 580,
1931 2172 1991 2201 601,
2013 2172 2071 2198 637.

1266 2214 1287 2246 ⁷)
1307 2215 1359 2240 Die
1378 2214 1491 2240 Veneris
1511 2214 1550 2240 IV
1570 2217 1654 2247 temp.
1678 2215 1709 2240 18
1729 2215 1793 2240 Dec.
1818 2216 1881 2240 1461
1906 2215 1931 2241 S.
1953 2215 1982 2240 P.
2006 2215 2110 2241 Romae
2129 2216 2249 2241 existens

1195 2259 1223 2284 in
1243 2259 1347 2292 palatio
1367 2258 1518 2292 apostolico
1538 2258 1572 2284 de
1592 2267 1673 2284 mane
1693 2259 1721 2284 in
1741 2259 1901 2284 consistorio
1921 2263 2025 2284 secreto
2045 2260 2194 2293 assumpsit
2213 2259 2249 2285 ad

1195 2303 1395 2328 cardinalatum
1433 2302 1570 2328 dominos:
1609 2302 1852 2328 Bartholomaeum
1890 2303 2007 2337 archiep.
2047 2304 2248 2334 Ravennatem,

1196 2347 1334 2373 Joannem
1357 2355 1399 2380 ep.
1425 2346 1596 2377 Atrebatem,
1621 2347 1759 2372 Jacobum
1783 2356 1824 2380 ep.
1850 2347 1995 2381 Urgellen.‚
2021 2348 2192 2373 Ludovicum
2215 2348 2249 2372 de

1196 2391 1333 2421 Alebreto,
1358 2391 1496 2417 Jacobum
1519 2399 1560 2424 ep.
1586 2391 1707 2424 Papien.,
1732 2391 1907 2416 Franciscum
1930 2392 2149 2425 protonotarium
2173 2392 2248 2417 Man-

1196 2439 1272 2460 tuan.
1315 2435 1367 2460 Die
1388 2438 1482 2460 autem
1506 2435 1537 2460 19
1558 2435 1623 2460 Dec.
1648 2435 1673 2461 S.
1697 2435 1726 2460 P.
1750 2436 1778 2460 in
1799 2435 1895 2460 eodem
1917 2436 2020 2469 palatio
2041 2436 2068 2461 in
2090 2436 2250 2461 consistorio

1195 2488 1255 2513 gen.
1282 2479 1384 2512 recepit
1408 2479 1573 2504 cardinalem
1599 2479 1720 2512 Papien.,
1745 2480 1789 2504 cui
1813 2479 1890 2505 dedit
1914 2480 2048 2513 capellum
2073 2479 2196 2509 rubeum,
2222 2482 2250 2504 et

1196 2523 1402 2548 associaverunt
1427 2531 1490 2548 eum
1515 2523 1620 2548 domini
1645 2523 1718 2548 card.
1745 2532 1832 2557 usque
1857 2524 1893 2549 ad
1918 2524 2032 2549 domum
2058 2523 2143 2549 habit.
2171 2532 2248 2553 suae;

1196 2567 1240 2592 die
1258 2575 1323 2592 vero
1341 2568 1357 2593 8
1377 2567 1440 2593 Jan.
1464 2567 1530 2593 1462
1549 2568 1576 2592 in
1595 2568 1755 2593 consistorio
1773 2571 1877 2593 secreto
1895 2568 1983 2593 eidem
2002 2567 2074 2593 card.
2095 2568 2202 2601 aperuit
2220 2576 2250 2592 os

1197 2614 1225 2637 et
1240 2612 1391 2645 assignavit
1407 2612 1450 2637 tit.
1467 2620 1487 2637 s.
1505 2611 1681 2645 Chrysogoni.
1707 2612 1760 2637 Ofr.
1779 2611 1853 2637 Arm.
1872 2612 1982 2641 XXXI,
1999 2612 2032 2637 52
2045 2612 2063 2636 f.
2078 2613 2119 2637 30.
2134 2612 2175 2637 De
2187 2619 2249 2644 ape-

1197 2655 1295 2681 ritione
1310 2656 1364 2681 oris
1388 2656 1484 2681 ceteris
1508 2656 1586 2681 novis
1610 2655 1682 2681 card.
1707 2656 1782 2681 facta
1798 2664 1823 2681 v.
1841 2655 1912 2689 App.
1934 2656 1946 2681 I
1967 2664 2006 2681 nr.
2027 2657 2087 2685 218,
2108 2656 2167 2686 222,
2190 2656 2248 2681 236.

1196 2714 1232 2717 -
1251 2700 1331 2730 Sunt,
1352 2700 1399 2733 qui
1417 2699 1550 2730 scribunt,
1562 2700 1589 2725 in
1601 2700 1683 2725 tertia
1695 2701 1866 2733 promotione
1877 2700 1992 2726 Viterbii
2003 2701 2034 2725 31
2048 2700 2113 2725 Maii
2126 2700 2192 2726 1462
2204 2700 2250 2725 ha-

1198 2743 1257 2769 bita
1277 2744 1304 2769 in
1318 2743 1343 2770 S.
1358 2743 1390 2769 R.
1404 2743 1435 2769 E.
1453 2743 1525 2769 card.
1538 2747 1661 2769 creatum
1673 2752 1731 2769 esse
1742 2744 1879 2770 Joannem
1895 2744 1929 2770 de
1945 2744 2022 2775 Eich,
2039 2753 2080 2777 ep.
2094 2744 2249 2777 Eystetten.

1267 2787 1290 2819 8)
1310 2787 1341 2814 V.
1358 2787 1428 2821 App.
1444 2788 1457 2813 I
1472 2796 1511 2813 nr.
1528 2788 1587 2818 236,
1603 2788 1662 2818 239,
1677 2789 1737 2818 252,
1752 2789 1811 2819 294,
1826 2789 1886 2819 295,
1901 2789 1961 2818 310,
1976 2789 2024 2814 331
2041 2789 2100 2815 346.
2116 2788 2176 2819 348,
2190 2788 2249 2813 349.

1268 2831 1290 2863 ⁹)
1310 2832 1326 2865 †
1342 2832 1408 2859 1473
1422 2831 1504 2865 paulo
1518 2835 1583 2858 ante
1596 2833 1611 2859 7
1626 2832 1690 2857 Dec.
1705 2847 1740 2850 —
1757 2832 1810 2863 Qui
1823 2833 1839 2858 9
1852 2833 1933 2858 Mart.
1951 2833 2017 2859 1470
2031 2841 2103 2858 mon.
2118 2832 2152 2858 de
2165 2832 2250 2857 More-

1199 2875 1257 2901 rola
1269 2876 1301 2902 O.
1315 2875 1380 2902 Cist.
1395 2875 1479 2902 dioec.
1494 2876 1635 2902 Zamcren.
1650 2885 1708 2902 vac.
1724 2885 1772 2910 per
1784 2876 1827 2902 ob.
1842 2877 1987 2902 cardinalis
1999 2885 2019 2902 s.
2034 2876 2130 2910 Angeli
2143 2876 2193 2909 (ΙΙ,
2207 2876 2251 2907 26)

1199 2921 1228 2946 111
1253 2928 1352 2946 comm.
1379 2920 1501 2946 obtinuit
1528 2920 1600 2952 (Obl.
1625 2921 1667 2951 83,
1699 2921 1755 2952 16);
1777 2929 1802 2946 v.
1830 2920 1901 2955 App.
1926 2921 1939 2946 Ι
1962 2929 2001 2947 nr.
2025 2922 2085 2951 218,
2108 2921 2168 2951 231,
2191 2921 2251 2950 269,

1200 2964 1260 2995 284,
1284 2965 1344 2990 339.
