2436 3328
170 144 212 176 38
921 138 1022 183 App.
1044 138 1072 172 1.
1095 136 1387 172 annotationes
1410 135 1465 170 ad
1486 137 1590 177 part.
1612 135 1637 169 Ι

243 242 325 271 Febr.
338 241 375 270 21
398 240 446 270 die
458 239 580 269 Veneris
592 239 633 269 Μ.
647 238 695 268 tit.
709 249 732 269 s.
745 238 838 268 Marci
849 237 947 277 presb.
961 237 1041 267 card.
1055 236 1148 275 Aqui—

170 285 303 325 legiensis
317 295 448 323 nuncup.
464 283 585 313 recessit
599 283 638 313 ab
653 282 735 313 Urbe
749 282 865 321 legatus
879 282 911 311 in
925 281 1146 315 Alamanniam,

170 330 333 360 associatus
346 329 383 358 de
396 327 510 367 palatio
523 337 618 366 usque
631 327 671 356 ad
684 330 804 366 portam
818 337 840 356 s.
856 326 967 356 Mariae
980 325 1018 355 de
1032 325 1148 363 Populo

169 385 222 414 per
244 383 346 403 omnes
369 372 459 407 card.,
484 371 537 401 ubi
559 382 595 401 ea
617 376 706 401 nocte
729 370 872 400 dormivit
895 375 926 400 et
948 370 996 399 die
1022 368 1147 399 Sabbati

170 418 305 458 sequenti
325 416 468 446 discessit.
490 416 524 445 L.
545 426 571 445 c.
593 416 688 453 (Arm.
713 414 834 451 XXXI,
858 416 896 444 52
919 414 940 444 f.
965 415 1024 451 45).
1169 413 1226 442 314

243 462 324 491 Febr.
339 461 377 490 22
400 461 449 490 die
463 459 555 490 Sabb.
571 460 620 490 Ja.
634 459 714 489 card.
729 459 883 498 Papiensis
895 458 1022 488 intravit
1035 457 1148 487 Urbem

170 507 290 536 veniens
310 505 346 535 de
362 515 416 534 sua
436 504 584 544 legatione
603 504 641 534 de
661 503 783 533 Petusio
802 507 833 533 et
852 503 892 532 ab
911 513 946 532 ea
966 502 1014 531 die
1035 501 1148 540 incepit

170 550 347 590 participare
367 553 424 578 etc.
465 549 498 578 L.
520 558 545 578 c.
1169 546 1224 576 315

237 594 319 624 Febr.
338 593 377 623 23
393 593 443 623 die
465 593 554 622 Dom.
580 592 618 622 R.
642 602 689 631 ep
712 592 859 622 Albanen.
880 589 1148 620 Vicecancellarius

169 649 311 677 nuncup.,
335 637 517 667 camerarius
540 636 664 676 collegii,
697 636 802 666 retulit
824 635 906 670 mihi,
932 635 1062 674 qualiter
1085 644 1147 663 car-

169 683 277 712 dinalis
300 693 322 712 s.
345 681 439 712 Marci
462 682 579 720 legatus
599 681 631 710 in
645 680 839 710 Alamaniam
855 679 1036 719 participare
1056 678 1148 708 debet

168 727 206 757 de
229 726 368 756 omnibus
391 736 500 756 comm.
527 730 558 755 et
581 725 653 755 min.
678 735 754 755 serv.
772 725 902 754 durante
925 723 1007 753 dicta
1030 733 1085 753 sua
1109 723 1147 752 le—

168 771 289 811 gatione
311 771 342 800 in
365 770 566 805 Alamaniam,
592 780 627 799 ac
645 769 670 799 si
692 779 832 808 praesens
847 769 933 803 foret,
959 772 990 798 et
1006 768 1035 797 in
1053 767 1147 797 omni-

169 816 226 845 bus
248 815 370 845 admitti
394 819 451 844 etc.
498 814 531 844 L.
556 824 581 844 c.
1167 814 1224 843 316

244 860 318 899 Apr.
340 859 379 889 20
409 859 457 888 die
478 859 581 888 Lunae
603 858 638 888 B.
661 869 707 897 ep.
732 857 870 887 Sabinen.
896 857 924 887 S.
948 857 985 887 R.
1009 857 1044 886 E.
1066 856 1146 886 card.

169 904 318 934 Nicaenus
338 913 468 942 nuncup.
490 902 611 932 recessit
631 902 670 932 ab
691 902 772 932 Urbe
793 902 907 940 legatus
928 901 958 931 in
979 901 1146 935 Franciam,

168 948 332 979 associatus
353 948 391 977 de
412 947 527 986 palatio
549 957 601 986 per
623 957 725 976 omnes
747 946 827 976 card.
850 956 945 985 usque
966 946 1006 975 ad
1028 950 1147 985 portam

168 1003 191 1023 s.
207 993 318 1022 Mariae
333 992 371 1021 de
386 992 510 1031 Populo,
527 995 558 1020 et
573 991 731 1020 continuat
746 990 925 1030 participare
940 990 978 1020 de
992 1000 1100 1020 comm.
1117 994 1148 1019 et

169 1037 239 1067 min.
261 1047 338 1066 serv.
360 1036 489 1066 durante
510 1035 592 1065 dicta
613 1035 769 1074 legatione,
793 1039 828 1064 ut
848 1034 953 1064 retulit
973 1034 1046 1064 mihi
1068 1034 1147 1064 idem

167 1081 306 1111 dominus
333 1080 513 1110 camerarius
540 1090 576 1109 ex
604 1079 818 1109 deliberatione
845 1079 980 1109 omnium
1007 1078 1087 1108 card.
1116 1079 1147 1108 in

167 1125 342 1156 consistorio
362 1125 453 1154 facta.
495 1125 527 1154 L.
549 1134 575 1154 c.
1167 1125 1223 1155 317

244 1170 326 1199 Maii
335 1169 372 1199 15
392 1169 440 1198 die
450 1168 581 1203 Veneris,
594 1178 653 1208 qua
665 1168 713 1197 die
726 1168 785 1197 fuit
795 1167 1004 1197 consistorium
1024 1171 1148 1206 propter

167 1224 314 1244 recessum
326 1213 439 1243 domini
452 1212 700 1247 Vicecancellarii,
713 1211 867 1242 camerarii
879 1211 1002 1250 collegii,
1016 1211 1095 1241 idem
1108 1211 1145 1241 R.

167 1269 213 1298 ep.
233 1257 410 1288 Albanensis
429 1257 466 1287 de
485 1257 620 1287 unanimi
639 1267 784 1287 consensu
803 1256 937 1286 omnium
956 1256 1036 1285 card.
1057 1255 1147 1295 assig-

167 1303 254 1332 navit
271 1302 399 1341 sigillum
421 1301 457 1332 G.
478 1302 618 1341 episcopo
637 1301 761 1336 Ostien„
782 1301 834 1340 qui
853 1311 907 1340 pro
926 1300 1044 1330 residuo
1063 1310 1146 1339 prae·

167 1347 259 1377 sentis
275 1346 346 1376 anni
364 1346 422 1376 fuit
438 1346 604 1385 deputatus
620 1345 808 1375 camerarius.
826 1362 865 1366 ——
882 1345 996 1375 Eadem
1013 1344 1061 1374 die
1078 1348 1147 1384 post

167 1391 370 1421 consistoriun.
418 1390 487 1420 dem
521 1390 558 1420 R.
592 1400 638 1430 ep.
672 1389 849 1419 Albanensis
882 1389 1146 1419 Vicecancellarius

167 1446 297 1475 nuncup.
315 1435 437 1465 recessit
452 1435 490 1464 de
506 1434 621 1474 palatio
637 1433 802 1464 associatus
819 1444 871 1473 per
888 1444 991 1463 omnes
1008 1433 1088 1463 card.
1107 1433 1145 1463 ad

167 1484 290 1519 pontem
313 1490 336 1509 s.
362 1479 473 1509 Mariae
497 1478 579 1518 apud
603 1478 722 1508 vineam
746 1478 859 1508 domini
884 1477 1144 1516 Rothomagensis,

166 1524 218 1554 ubi
230 1524 289 1554 fuit
301 1523 470 1563 prandium,
484 1527 516 1553 et
527 1527 632 1563 postea
645 1522 749 1552 eadem
762 1522 809 1552 die
822 1522 957 1552 discessit
969 1522 1008 1551 ab
1023 1522 1103 1552 Urbe
1115 1526 1146 1552 et

166 1569 223 1598 ivit
241 1568 367 1603 Ostiam,
387 1568 438 1598 ubi
457 1567 573 1607 accepit
591 1567 648 1597 iter
666 1577 718 1607 per
737 1577 817 1596 mare
835 1577 939 1596 versus
957 1566 1145 1596 Cataloniam

167 1617 198 1643 et
217 1613 404 1652 Hispaniam,
426 1612 477 1642 ubi
498 1612 596 1642 fuerat
615 1611 780 1650 deputatus
800 1611 916 1650 legatus
935 1610 972 1641 de
993 1611 1093 1646 latere,
1114 1615 1146 1640 et

167 1657 324 1687 continuat
341 1657 520 1696 participare
537 1656 615 1686 sicut
632 1655 721 1686 ceteri
740 1655 829 1694 legati
846 1655 974 1685 durante
991 1654 1073 1685 dicta
1091 1665 1145 1685 sua

167 1702 322 1741 legatione.
363 1701 396 1731 L.
418 1711 442 1730 c.
1166 1701 1223 1730 318

242 1746 324 1775 Maii
335 1746 374 1775 28
396 1745 444 1775 die
459 1745 477 1775 J
481 1745 546 1775 ovis
558 1744 706 1774 Oliverius
718 1744 766 1774 tit.
780 1755 803 1774 s.
819 1743 939 1774 Eusebii
953 1743 1049 1783 presb.
1063 1743 1143 1773 card.

167 1790 383 1829 Neapolitanus
404 1789 482 1829 vulg.
504 1799 635 1828 nuncup.
658 1789 730 1818 hora
752 1788 947 1828 vesperorum
968 1788 1088 1818 recessit
1107 1788 1145 1818 de

167 1834 279 1874 palatio
290 1845 313 1864 s.
327 1834 417 1869 Petri,
431 1833 595 1863 associatus
608 1844 659 1872 per
671 1843 774 1863 omnes
785 1832 865 1862 card.
880 1843 973 1872 usque
985 1832 1024 1862 ad
1035 1832 1143 1871 galeas,

167 1889 242 1918 quae
259 1883 344 1908 erant
360 1878 441 1917 apud
457 1889 480 1908 s.
499 1878 636 1912 Paulum,
654 1888 714 1917 quo
729 1877 821 1907 etiam
838 1877 894 1906 ivit
912 1877 941 1907 S.
960 1877 992 1907 P.
1009 1882 1041 1907 et
1058 1877 1144 1907 bene-

166 1923 243 1953 dixit
262 1923 370 1962 galeas,
393 1928 423 1952 et
444 1933 478 1952 ea
501 1927 588 1952 nocte
609 1922 677 1951 inde
699 1922 817 1951 recessit
839 1921 917 1951 idem
939 1921 1019 1951 card.
1042 1931 1145 1951 versus

166 1967 321 2007 Neapolim
342 1967 457 2005 legatus
478 1967 574 1996 iturus
594 1966 624 1996 in
644 1966 767 1996 classem
788 1965 1018 1995 christianorum
1038 1970 1144 1996 contra

167 2012 223 2041 nef.
245 2012 383 2046 Tureum,
405 2016 436 2040 et
455 2011 613 2040 continuat
634 2010 812 2049 participare
832 2015 888 2040 etc.
931 2010 963 2040 L.
984 2020 1009 2039 c.
1165 2011 1221 2040 ³19

241 2065 321 2094 Julii
340 2065 375 2094 11
406 2064 454 2094 die
477 2061 601 2094 Sabbati
623 2064 654 2093 F.
674 2075 698 2093 s.
721 2063 830 2093 Mariae
850 2074 946 2093 novae
966 2063 1042 2093 diac.
1063 2063 1143 2093 card.

166 2109 348 2139 Mantuanus
362 2109 441 2147 vulg.
458 2119 588 2147 nuncup.
603 2108 723 2138 recessit
736 2108 775 2137 ab
791 2107 871 2138 Urbe
885 2107 1000 2138 rediens
1014 2107 1044 2137 in
1058 2118 1144 2138 suam

166 2153 342 2191 legationem
356 2153 520 2182 Bononien.
533 2158 564 2182 et
575 2153 614 2182 ab
627 2153 684 2182 ista
696 2152 743 2182 die
756 2152 785 2182 in
797 2157 887 2182 antea
899 2162 959 2182 non
972 2152 1143 2191 participat,

167 2203 201 2227 ut
221 2197 323 2227 retulit
344 2197 415 2227 mihi
437 2197 516 2227 card.
540 2197 798 2235 Rothomagensis,
820 2196 1000 2226 camerarius
1020 2196 1143 2235 collegii.

167 2242 199 2271 L.
221 2252 245 2271 c.
1165 2241 1223 2271 320

241 2286 322 2315 Julii
345 2286 383 2315 28
418 2285 466 2315 die
492 2285 593 2315 Lunae
621 2285 669 2314 Ja.
696 2285 775 2314 card.
803 2284 956 2324 Papiensis
981 2285 1144 2324 resignavit

167 2330 305 2369 legationi
320 2340 371 2359 seu
387 2330 488 2359 officio
503 2330 658 2369 legationis
674 2330 832 2359 Perusinae
847 2329 877 2359 in
894 2329 1032 2359 manibus
1049 2329 1078 2359 S.
1095 2329 1143 2364 P.;

166 2374 216 2413 qui
236 2374 315 2404 illam
335 2374 456 2404 admisit
475 2379 505 2403 et
523 2374 641 2413 scripsit
661 2374 761 2403 brevia
780 2373 844 2407 illis,
866 2374 916 2413 qui
934 2373 1145 2412 gubernabant

166 2418 284 2448 nomine
299 2418 432 2457 ejusdem
447 2418 560 2448 domini
577 2418 738 2457 Papiensis.
755 2423 790 2447 ut
805 2422 938 2456 regerent
953 2423 984 2447 et
998 2417 1143 2457 guberna-

166 2467 231 2492 rent
249 2462 428 2492 auctoritate
446 2473 499 2492 sua
517 2467 547 2491 et
564 2462 641 2491 sedis
658 2467 765 2501 apost..
784 2462 878 2491 donec
896 2462 958 2501 ipse
977 2462 1006 2491 S.
1026 2462 1058 2492 P.
1078 2472 1143 2501 pro·

166 2507 280 2536 videret
300 2507 337 2536 de
358 2517 436 2536 novo
458 2507 563 2545 legato.
606 2507 638 2536 L.
660 2517 684 2536 c.
1164 2507 1219 2536 321

240 2552 297 2580 Oct.
322 2551 359 2581 12
391 2551 438 2580 dic
462 2551 564 2580 Lunae
589 2551 623 2580 G.
648 2561 693 2589 ep.
718 2550 863 2580 Ostiensis
888 2551 916 2580 S.
942 2551 978 2580 R.
1004 2550 1037 2580 E.
1061 2550 1142 2580 card.

166 2595 415 2634 Rothomagensis
437 2595 516 2634 vulg.
540 2605 670 2634 nuncup.
694 2595 752 2624 fuit
773 2595 884 2624 electus
906 2594 935 2624 in
959 2595 1091 2634 legatum
1112 2594 1143 2624 in

168 2639 278 2668 Gallias
298 2644 328 2668 et
349 2639 513 2668 associatus
534 2639 600 2674 fuit,
623 2644 657 2668 ut
679 2639 767 2668 moris
788 2644 842 2674 est,
866 2649 917 2678 per
937 2649 1040 2668 omnes
1060 2638 1141 2668 card.

166 2683 202 2712 de
224 2683 336 2722 palatio
357 2694 379 2713 s.
404 2683 484 2713 Petri
507 2694 599 2722 usque
621 2683 659 2712 ad
681 2683 804 2713 domum
826 2693 921 2713 suam.
966 2683 997 2712 L.
1021 2694 1046 2712 c.
1163 2684 1220 2713 322

240 2737 298 2766 Oct.
310 2737 348 2766 20
370 2737 404 2766 A.
418 2747 464 2775 ep.
478 2736 687 2766 Praenestinus
701 2736 730 2765 S.
745 2736 780 2765 R.
795 2736 828 2766 E.
842 2735 921 2765 card.
935 2736 1144 2766 Avinionensis

166 2780 245 2819 vulg.
270 2790 399 2819 nuncup.
424 2780 571 2819 ingressus
594 2785 639 2809 est
664 2780 783 2815 Urbem,
808 2780 923 2810 rediens
946 2780 983 2809 dc
1006 2780 1144 2819 partibus

168 2823 289 2859 Galliae,
310 2829 340 2853 et
359 2825 416 2853 fuit
436 2825 599 2854 associatus
618 2835 670 2863 per
689 2834 791 2854 omncs
809 2824 889 2854 card.
910 2835 928 2853 a
946 2824 1045 2859 dome,
1067 2835 1144 2864 quae

165 2868 275 2898 dicitur
287 2868 427 2898 Thomasi
440 2869 477 2897 de
493 2868 638 2907 Spinellis,
653 2878 747 2908 usque
760 2868 798 2898 ad
812 2868 936 2898 domum
949 2878 1044 2903 suam,
1059 2874 1091 2899 et
1104 2868 1143 2898 ab

165 2912 215 2942 illa
235 2912 282 2942 die
303 2912 413 2951 incepit
433 2912 621 2951 participare.
663 2912 695 2942 L.
717 2923 741 2942 c.
1164 2914 1221 2944 323

1407 235 1465 265 oa.
1491 234 1528 264 21
1564 233 1668 263 retulit
1691 233 1816 264 domino
1841 233 1974 264 Gabi-isli
1998 235 2034 272 (s.
2059 233 2175 274 collegii
2198 233 2319 272 clerico)

1331 279 1471 309 dominus
1503 277 1765 316 Rotbomagensis,
1797 288 1821 308 s.
1854 278 1970 318 collegii
2000 278 2192 315 camerarius,
2225 277 2324 318 quod?
2338 302 2344 308 f.

1333 323 1478 363 quamdiu
1490 322 1631 352 dominus
1644 322 1799 361 Papiensis
1811 322 1904 352 fuerit
1915 322 2025 353 absens
2037 322 2078 352 ab
2090 322 2174 354 Urbe
2185 321 2226 353 ad
2238 326 2318 353 trac-
2342 343 2347 351 ».
2357 330 2372 359 4

1332 367 1458 397 tandam
1485 366 1676 396 concordiam
1702 366 1741 396 de
1767 366 1938 397 confinibus
1963 366 2044 397 inter
2069 366 2261 398 Florentium
2286 366 2380 406 etl-gfff

1334 411 1487 447 Senenses,
1505 411 1616 441 debeat
1633 410 1824 450 participare,
1842 421 1904 440 non
1921 410 2073 447 obstante,
2092 410 2175 452 quod
2191 410 2224 441 in
2338 410 2361 427 ’²²⁴
2376 426 2380 430 ·

1332 456 1467 486 omnium
1475 459 1649 486 sanctorum
1658 465 1720 485 non
1728 454 1820 485 fuerit
1828 454 2150 494 regressusinUrbem.
2167 454 2270 486 Πολ.

1408 501 1482 530 Νου.
1497 500 1536 530 18
1570 500 1618 530 die
1631 499 1771 530 Mercurii
1784 499 1820 529 B.
1835 509 1882 538 ep.
1899 498 2072 530 sabinensis
2087 499 2117 530 S.
2131 499 2170 530 R.
2185 499 2222 530 E.
2242 515 2254 525 ev
2272 532 2275 534 μ

1332 545 1482 575 Nicaenus
1501 555 1644 584 nuncup.,
1664 543 1782 574 rediens
1801 554 1838 573 ex
1857 553 1913 573 sua
1932 543 2082 583 legatione
2100 554 2139 574 ex

1331 589 1389 619 civ.
1414 590 1579 619 Ravennae
1601 588 1681 618 diem
1704 588 1813 618 clausit
1835 591 2016 623 extremum,
2038 587 2127 628 cujus
2148 587 2253 619 anima

1332 634 1467 674 quiescat
1487 633 1518 663 in
1538 643 1626 672 pace;
1647 632 1734 672 cujus
1753 642 1862 672 corpus
1881 631 2019 662 delatum
2038 632 2098 662 fuit
2118 632 2251 665 Roman

1332 678 1420 708 Jovis
1443 680 1461 708 3
1485 678 1595 708 mensis
1619 677 1691 707 Dec.
1716 676 1852 716 ejusdem
1875 676 1947 707 anni
1970 680 2003 707 et
2025 675 2135 707 deinde
2155 675 2207 707 dio

1332 724 1369 752 10
1379 722 1453 752 dicti
1466 722 1618 752 mensisin
1630 721 1700 751 eccl.
1713 732 1751 751 ss.
1765 721 1989 761 Apostolorum,
2011 720 2065 751 ubi
2084 720 2240 760 sepultum

1331 777 1439 806 corpus
1464 766 1538 806 ejus,
1564 766 1703 806 inceptae
1728 765 1852 796 fuerunt
1877 765 2030 805 exequiae,
2057 764 2097 795 ad
2122 774 2201 806 quau

1330 811 1496 850 associatus
1517 811 1557 841 ab
1578 810 1719 841 omnibus
1739 810 1821 840 card.
1843 809 1978 846 accessit,
2009 813 2042 840 et
2071 809 2233 851 episcopm

1332 866 1439 886 manus
1453 855 1561 885 habuit
1574 855 1743 885 orationem
1757 854 1914 884 funebrem
1929 853 1967 884 de
1983 853 2048 894 ejus
2063 853 2214 887 laudib&

1408 900 1476 930 Dec.
1503 900 1540 930 11
1577 899 1626 929 die
1651 899 1775 929 Veneris
1803 899 1832 929 S.
1860 899 1894 929 P.
1923 898 2055 929 absolvit
2079 898 2116 929 A.
2150 913 2201 924 ιιι-

1332 944 1516 975 Paenestrin.
1546 943 1627 974 card.
1658 943 1891 974 Avinionensem
1922 953 1940 973 a
1969 943 2100 979 vinculo,

1332 989 1471 1019 ecclesiae
1482 988 1652 1023 tenebatur,
1665 992 1698 1018 et
1709 987 1866 1018 transtulit
1877 998 1946 1018 eum
1958 987 1998 1017 ad
2009 987 2080 1018 eccl.
2095 986 2241 1020 Salium
2295 983 2299 987 ¹

1332 1043 1384 1073 per
1402 1033 1520 1063 obitum
1539 1033 1574 1063 B.
1594 1032 1675 1062 card.
1696 1032 1829 1068 Nieaeni,
1849 1031 1990 1062 ecclesiae
2007 1036 2112 1062 autem
2141 1036 2147 1045 ¹
2221 1055 2224 1057 >

1332 1088 1397 1108 vac.
1421 1088 1474 1117 per
1497 1077 1579 1107 illam
1602 1077 1705 1107 transl.
1730 1076 1864 1116 providit
1886 1076 1924 1107 de
1947 1087 2074 1116 persona
2096 1076 2133 1107 A.
2164 1091 2170 1101 ι

1330 1133 1354 1152 s.
1376 1122 1477 1152 Crucis
1498 1122 1577 1161 vulg.
1599 1131 1731 1160 nuncup.
1772 1121 1806 1151 L.
1827 1131 1853 1151 c.

1809 1203 1880 1238 147
1883 1203 1915 1238 3.

1406 1273 1479 1303 Jan.
1499 1273 1538 1303 23
1566 1272 1614 1302 die
1635 1272 1727 1302 Sabb.
1747 1272 1783 1303 O.
1802 1272 1884 1302 card.
1905 1271 2124 1312 Neapolitanus
2141 1271 2261 1305 redi-n

1331 1318 1478 1358 legatione
1498 1327 1553 1347 sua
1573 1317 1675 1347 navali
1690 1321 1796 1347 contra
1811 1316 1960 1347 Teucrum
1974 1316 2124 1356 ingressus
2138 1319 2186 1349 eat
2199 1315 2231 1349 U
2255 1318 2277 1356 f

1330 1373 1384 1402 per
1403 1366 1523 1402 portam
1543 1372 1566 1392 s.
1591 1361 1718 1391 Joannis
1738 1361 1878 1391 Lateran.
1901 1365 1933 1391 et
1952 1361 2118 1392 associatus
2138 1371 2192 1402 psi·
2210 1365 2320 1398 m

1330 1407 1410 1437 card.
1431 1417 1526 1446 usque
1545 1405 1584 1436 ad
1604 1405 1752 1446 palatium
1771 1415 1795 1435 s.
1816 1405 1906 1440 Petri,
1926 1405 1980 1435 ubi
1999 1415 2052 1445 per
2073 1405 2102 1436 S.
2124 1405 2158 1436 P.
2177 1407 2324 1446 receptu*

1330 1451 1389 1482 fuit
1412 1451 1443 1481 in
1467 1450 1652 1485 consistorio,
1677 1455 1714 1480 ut
1737 1449 1828 1480 moris
1851 1453 1911 1486 est;
1935 1449 2044 1480 deinde
2066 1449 2234 1482 mocim-
2272 1457 2275 1459 ’

1330 1506 1383 1536 per
1406 1495 1526 1525 eosdem
1550 1494 1631 1525 card.
1657 1505 1752 1534 usque
1775 1494 1816 1524 ad
1839 1494 1966 1525 domum
1989 1504 2076 1525 suam
2100 1498 2133 1525 et
2155 1493 2316 1527 mann-t
2346 1514 2379 1533 23.-

1329 1539 1518 1580 participare.
1560 1539 1593 1569 L.
1614 1549 1640 1569 c.
2327 1557 2330 1560 ,
2356 1552 2400 1582 4

1405 1584 1487 1614 Julii
1497 1583 1536 1614 19
1557 1583 1604 1614 die
1616 1583 1720 1613 Lunae
1733 1582 1763 1613 S.
1776 1583 1809 1613 P.
1822 1582 1943 1613 recessit
1954 1583 1994 1613 ab
2005 1583 2087 1614 Urbe
2099 1581 2316 1615 vedommu-
2331 1581 2340 1596 ‘³
2361 1581 2365 1585 ’
2401 1594 2405 1598 ’

1329 1639 1402 1665 rem,
1421 1633 1457 1659 ut
1475 1628 1572 1668 fugiat
1589 1638 1689 1658 aerem
1708 1627 1891 1662 Romanum,
1911 1627 2078 1658 associatus
2095 1637 2148 1667 per
2166 1627 2207 1659 10
2220 1625 2315 1667 ud..
2380 1663 2382 1668 ,

1329 1678 1365 1704 ut
1377 1673 1466 1704 moris
1477 1677 1533 1708 est,
1545 1676 1577 1702 et
1587 1671 1683 1702 exivit
1693 1682 1747 1712 per
1757 1676 1878 1712 portam
1890 1671 2124 1702 Nomentanam.
2146 1671 2182 1702 1..
2192 1681 2220 1703 c.
2230 1671 2253 1704 ἰ.
2263 1668 2313 1710 ἦ,
2392 1674 2403 1693 ν’·

1406 1718 1484 1757 Sept.
1509 1717 1548 1747 13
1582 1716 1631 1747 die
1656 1717 1759 1746 Lunae
1786 1716 1815 1746 S.
1842 1716 1875 1746 P.
1901 1726 2050 1756 regressus
2074 1720 2122 1747 est
2145 1715 2176 1746 in
2199 1714 2318 1754 Urbem

1329 1761 1452 1792 veniens
1467 1761 1504 1791 de
1521 1761 1639 1796 Tibure,
1657 1761 1709 1791 ubi
1725 1760 1824 1791 fuerat
1839 1760 1879 1791 ad
1895 1760 2072 1800 fugiendum
2087 1770 2188 1792 aerem
2202 1758 2316 1799 Eamq-

1329 1817 1412 1842 num,
1436 1811 1467 1836 et
1490 1806 1574 1836 venit
1597 1805 1763 1835 associatus
1786 1814 1839 1844 per
1860 1807 1879 1836 9
1902 1805 1983 1835 card.
2007 1809 2039 1835 et
2062 1805 2134 1835 tecit
2155 1803 2240 1836 viam

1329 1850 1544 1881 Transtiberim
1564 1850 1603 1879 ad
1623 1850 1772 1889 palatium
1790 1860 1813 1880 s.
1835 1849 1925 1880 Petri.
1966 1849 1998 1880 L.
2019 1860 2045 1880 c.

1403 1895 1462 1925 Οα.
1484 1894 1523 1925 24
1553 1894 1602 1924 die
1624 1893 1783 1924 Dominico
1804 1893 2184 1933 R.ep.A1banen.onrd.
2206 1892 2236 1924 V
2272 1896 2274 1898 ’

1329 1939 1453 1970 tinensis
1469 1938 1735 1969 Vicecancellarius
1750 1947 1892 1978 nuncup.,
1909 1938 2027 1968 rediens
2041 1938 2080 1968 de
2094 1948 2151 1969 sua
2184 1960 2188 1962 -
2202 1960 2211 1973 ‚
2241 1954 2246 1958 ν

1327 1983 1365 2014 de
1377 1983 1533 2014 Catalonia
1544 1988 1575 2013 et
1587 1983 1744 2022 Hispania,
1756 1982 1883 2013 intravit
1896 1983 2008 2013 Urbem
2019 1993 2074 2022 per
2083 1986 2206 2022 porum

1327 2028 1389 2058 riae
1410 2028 1448 2058 de
1472 2027 1595 2067 Populo,
1619 2026 1671 2057 ubi
1695 2026 1866 2067 hospitatus
1888 2031 1935 2057 est
1956 2037 1992 2057 ea
2014 2031 2117 2063 noctu
2139 2025 2190 2059 dio

1328 2073 1364 2103 25
1381 2072 1507 2102 intravit
1529 2071 1643 2102 Urbem
1666 2070 1779 2101 vadens
1791 2071 1831 2101 ad
1846 2071 1995 2111 palatium
2007 2071 2174 2102 associatus
2194 2086 2198 2096 ι

1327 2127 1380 2147 nes
1393 2116 1484 2151 card„
1501 2116 1552 2146 ubi
1567 2116 1626 2146 tuit
1640 2120 1778 2155 receptus
1792 2126 1845 2155 per
1862 2115 1891 2146 S.
1908 2116 1941 2146 P.
1957 2115 1988 2146 in
2002 2115 2180 2147 consistorio

1327 2165 1358 2191 et
1378 2161 1537 2190 continuat
1557 2159 1746 2200 participare.
1788 2160 1821 2190 L.
1842 2170 1868 2190 c.

1402 2206 1460 2235 Oct.
1474 2205 1513 2235 28
1537 2205 1572 2235 B.
1587 2205 1635 2235 tit.
1649 2215 1672 2234 s.
1687 2204 1849 2235 Clementis
1861 2204 1959 2244 presb.
1973 2204 2055 2235 card.
2070 2201 2334 2246 Ravana-“1

1327 2249 1406 2288 vulg.
1421 2259 1562 2289 nuncup.,
1576 2249 1692 2279 rediens
1703 2249 1741 2279 de
1753 2259 1808 2279 sua
1820 2249 1968 2288 legatione
1979 2259 2016 2279 ex
2029 2248 2172 2286 Maronia.
2183 2240 2340 2286 Mis*

1327 2293 1440 2324 Urbem
1465 2304 1518 2333 per
1542 2298 1662 2333 portam
1687 2304 1710 2323 s.
1737 2293 1848 2323 Mariae
1872 2292 1911 2323 de
1936 2293 2060 2333 Populo,
2086 2292 2140 2324 uhi
2162 2300 2200 2325 ot
2212 2292 2340 2332 w,

1327 2338 1498 2377 hospitatus
1511 2343 1570 2374 est;
1585 2337 1693 2368 deinde
1707 2348 1790 2377 sequ.
1805 2337 1853 2367 die
1867 2338 2033 2368 associatus
2046 2348 2100 2378 per
2112 2344 2220 2371 cmm
2311 2342 2330 2356 “”
2335 2345 2343 2349 ’

1326 2382 1383 2412 ivit
1400 2382 1438 2412 ad
1458 2382 1605 2422 palatium
1623 2393 1646 2412 s.
1666 2381 1747 2412 Petri
1765 2387 1797 2412 et
1814 2381 1856 2412 ibi
1874 2386 2012 2422 receptus
2030 2381 2089 2412 fuit
2106 2391 2160 2432 per
2177 2380 2208 2415 Ι.

1326 2426 1507 2456 consistorio
1521 2426 1650 2466 publico,
1671 2431 1706 2456 ut
1726 2425 1816 2456 moris
1834 2430 1890 2461 est,
1911 2431 1942 2456 et
1960 2426 1998 2456 de
2018 2425 2201 2466 promotio-i

1326 2470 1374 2501 die
1386 2470 1474 2500 factis
1486 2471 1532 2500 vel
1546 2470 1653 2500 fiendis
1665 2470 1829 2510 participat
1839 2470 1870 2500 in
1882 2475 1973 2500 antea
1985 2475 2020 2500 ut
2031 2470 2123 2501 ceteri
2133 2469 2223 2503 cada*
2237 2467 2276 2503 Ῐῐσ

1404 2515 1477 2545 Νου.
1497 2515 1516 2545 3
1545 2515 1593 2545 die
1612 2515 1748 2545 Mercurii
1769 2515 1821 2545 Ju.
1842 2515 1890 2544 tit.
1910 2525 1933 2544 s.
1955 2515 2036 2545 Petri
2055 2515 2095 2545 ad
2113 2514 2192 2546 vino.
2210 2511 2312 2557 m
2360 2549 2396 2555 ,.

1326 2559 1406 2589 card.
1428 2559 1458 2589 in
1478 2559 1654 2589 consistorio
1674 2564 1797 2594 secreto,
1819 2562 1854 2588 ut
1875 2558 1965 2589 moris
1984 2564 2040 2594 est,
2062 2559 2121 2590 fuit
2137 2558 2265 2601 meatus
2387 2576 2394 2597 ·.

1325 2608 1415 2643 gatus
1431 2603 1461 2633 in
1478 2603 1641 2634 Marcbiam
1658 2609 1689 2633 et
1704 2603 1742 2633 de
1753 2602 1867 2643 palatio
1877 2614 1900 2633 s.
1914 2603 2004 2639 Petri,
2017 2603 2069 2634 ubi
2079 2603 2192 2634 electus
2201 2601 2319 2642 Μ
2384 2600 2389 2629 1

1327 2648 1385 2678 fuit
1401 2647 1565 2678 associatus
1581 2658 1634 2687 per
1649 2647 1848 2689 omnes-card.
1866 2657 1960 2687 usque
1978 2647 2017 2677 ad
2031 2647 2179 2687 palatium
2191 2657 2215 2678 a.
2229 2644 2318 2679 m.
2335 2644 2394 2690 2³1.

1326 2692 1365 2722 ad
1386 2691 1474 2727 vinc.,
1499 2691 1550 2722 ubi
1571 2696 1636 2721 erat
1657 2691 1826 2731 prandium.
1868 2691 1901 2722 L.
1923 2702 1948 2722 c.
1970 2692 1990 2722 f.
2013 2693 2059 2722 48.
2394 2698 2397 2701 ’

1404 2736 1476 2766 Νου.
1507 2737 1545 2766 10
1582 2736 1722 2766 dominus
1752 2736 2012 2775 Rothomagensis,
2041 2746 2146 2776 gerens
2173 2734 2311 2767 officinm

1326 2780 1506 2810 cameriatus
1519 2791 1542 2810 s.
1557 2780 1680 2819 collegii,
1696 2780 1799 2810 retulit
1814 2779 1895 2815 mihi,
1912 2780 2040 2820 qualiter
2054 2791 2090 2810 ea
2103 2780 2152 2811 die
2165 2778 2226 2811 §uit
2237 2777 2313 2811 dead
2363 2787 2376 2793 ⁷
2386 2776 2392 2810 s

1328 2824 1465 2855 beratum
1486 2834 1537 2864 per
1556 2834 1659 2854 omnes
1678 2824 1759 2854 card.
1781 2829 1952 2863 praesentes
1972 2825 2002 2855 in
2021 2823 2207 2861 consistorio,
2228 2821 2311 2864 qnod
2371 2857 2375 2859 ,

1327 2868 1491 2899 cardinales
1522 2868 1742 2903 Paenestrinus,
1773 2868 1971 2899 Thiannensis
2000 2874 2032 2899 et
2062 2867 2226 2909 Papiensis,
2257 2866 2311 2909 qni
2363 2871 2395 2910 ζῇ,-

1327 2913 1466 2943 absentes
1481 2917 1567 2942 erant
1582 2912 1620 2942 ab
1637 2912 1718 2943 Urbe
1732 2930 1770 2934 —
1787 2913 1997 2943 Paenestrinus
2011 2918 2043 2943 et
2057 2912 2256 2943 Thiannenaia
2269 2911 2311 2943 ob
