2436 3328
987 180 1149 224 Aquen„
1172 179 1351 224 Aquilam.
2240 181 2277 211 91

751 278 905 321 Aquen-
930 277 1027 319 (Aix)
1053 279 1089 310 in·
1110 278 1226 319 Gallia,
1250 280 1390 319 metrop.
1415 279 1519 319 (2400
1542 278 1593 319 ss.)

33 378 37 381 ¹
70 363 122 396 ob.
134 364 227 396 Avin.
241 364 332 403 (1443
347 363 423 394 Jun.
439 364 488 402 15)

69 417 121 449 ob.
142 416 275 448 Rcberti
297 415 402 456 (1447)

59 471 140 511 '(tes.
156 469 238 501 Rob.
253 469 273 509 †
287 471 335 500 ex.
352 480 380 500 a.
399 470 488 508 1460)

69 522 120 555 ob.
141 522 189 554 01.
211 523 303 562 (1484
324 522 398 554 Jan.
419 523 470 562 28)

69 575 120 607 ob.
132 575 212 607 Phil.
225 576 317 615 (1490
328 575 399 607 oct.
413 575 489 614 1451)

519 363 674 395 Robertus
693 363 829 404 Rogerii,
851 373 993 404 praepos.
1015 363 1148 404 Aquen.,
1169 362 1273 404 legum
1293 362 1429 402 doctor¹)

519 416 674 448 Robertus
699 416 859 455 (Damiani
886 416 922 447 O.
948 416 1048 455 Min.)‚
1075 426 1123 456 ep.
1150 415 1344 447 Tiberiaden.

522 470 674 501 Oliverius
694 469 745 508 (de
765 469 904 501 Pennart
924 469 960 500 O.
981 469 1056 500 Can.
1077 479 1100 499 s.
1113 469 1175 508 A.)‚
1195 479 1264 500 can.
1280 468 1429 510 Aquen.²)

520 522 679 558 Philippus
700 522 864 561 He(1·)bert
886 521 1168 561 (d'Aussonville)³)

521 575 756 611 Christophorus
782 574 928 612 Brillaoh,
953 574 1090 605 decanus
1115 574 1300 614 Aurelian.⁵)

1471 363 1548 392 1443
1578 362 1655 393 ι111111
1686 363 1723 392 10

1472 415 1548 446 1447
1581 415 1650 446 Oct.
1683 417 1721 446 23

1472 469 1549 499 1460
1575 468 1655 509 Aug.
1683 470 1701 499 8

1472 523 1549 552 1484
1575 521 1666 552 Febr.
1694 521 1732 552 27

1472 575 1550 605 1500
1579 574 1653 605 Maii
1686 576 1721 605 13

1754 362 1823 393 Obl.
1848 364 1896 399 66,
1921 364 1958 392 63

1754 415 1823 446 Obl.
1848 415 1896 452 72,
1920 416 1958 445 29

1754 460 1823 499 obl.
1848 468 1896 505 76,
1922 469 1980 499 190

1754 521 1823 552 Obl.
1847 522 1896 558 83,
1919 523 1958 552 89

1754 574 1804 605 AC
1827 574 1947 605 Camer.
1972 574 1998 611 Ι,
2021 575 2059 604 85

691 675 844 719 Aquen-
869 675 987 717 (Dax)
1010 675 1045 707 in
1068 675 1184 715 Gallia,
1208 675 1298 707 suffr.
1324 675 1478 707 Auxitan.
1502 676 1583 716 (500
1608 676 1656 716 ss.)

69 761 150 803 priv.
173 760 351 799 Bernardil)

75 890 484 898 ..........
519 866 704 898 Beltrandus

519 919 628 951 Petrus
652 917 735 949 card.
761 917 800 948 de
824 918 924 955 Fuxo,
949 918 980 949 in
1005 917 1145 956 eommss)

76 996 484 1004 ..........
521 972 659 1003 Joaunes
684 970 735 1010 (de
759 970 872 1010 Fuxo),
898 971 932 1001 in
955 971 1082 1008 admira„
1108 970 1185 1002 solv.
1210 981 1290 1001 serv.
1315 981 1428 1001 comm.

70 1029 110 1056 tr.
141 1025 192 1057 Jo.
221 1025 263 1056 ad
289 1025 461 1056 Convenar.
519 1025 718 1060 Bertrandus,
740 1023 874 1064 scriptor
895 1024 957 1055 litt.
980 1027 1082 1065 apost.

70 1089 128 1110 res.
151 1077 344 1117 Bertrandi⁴)

523 761 646 792 Garsias
671 758 801 790 Arnaldi
826 759 865 790 de
893 759 972 800 Sega
998 759 1049 798 (de
1074 758 1264 800 l’Exegne)2)

69 817 110 845 tr.
133 813 171 845 G.
194 814 231 845 A.
253 813 294 845 ad
316 813 469 854 Bajonen.
523 813 693 845 Guilelmus
717 811 847 843 Arnaldi
874 812 923 851 (Ο.
950 812 1050 852 Μ111.),
1076 823 1124 853 ep.
1152 811 1304 853 Bajonen.

519 1078 675 1109 Amaldus
693 1077 733 1107 de
754 1077 870 1117 Boyria
890 1077 1018 1116 (Borie),
1039 1076 1140 1117 presb.
1161 1076 1258 1107 dioec.
1280 1076 1429 1117 Aquen.⁵)

1472 759 1548 789 1439
1579 758 1664 800 Sept.
1694 760 1732 790 25
1753 759 1823 790 Obl.
1847 760 1896 796 66,
1920 760 1958 789 48

1472 812 1548 842 1444
1575 811 1650 843 Dec.
1678 813 1696 842 9
1753 812 1823 843 Obl.
1847 812 1896 849 72,
1919 813 1938 843 8

1472 918 1545 948 1451
1578 918 1654 949 Julii
1683 919 1701 948 5
1753 918 1823 949 Obl.
1848 918 1896 955 72,
1919 918 1958 949 47

1472 971 1548 1001 1459
1578 971 1653 1001 Maii
1683 972 1723 1001 30
1754 971 1823 1002 Obl.
1847 971 1896 1008 76,
1922 972 1979 1001 168

1472 1025 1548 1054 1466
1578 1024 1652 1054 Maii
1685 1025 1721 1054 12
1754 1024 1823 1055 Obl.
1847 1025 1896 1061 83,
1920 1025 1938 1054 2

1473 1078 1548 1107 1499
1578 1077 1652 1118 Apr.
1683 1078 1702 1107 8
1753 1077 1804 1108 AC
1827 1077 1947 1108 Camer.
1972 1076 1998 1114 I,
2022 1076 2060 1107 73

598 1177 753 1221 Aquon.
777 1176 934 1220 (Aequi)
956 1177 990 1209 in
1014 1177 1109 1209 Italia
1132 1187 1255 1218 super„
1278 1177 1368 1209 suffr.
1392 1178 1567 1210 Mediolan.
1592 1179 1673 1219 (120
1696 1179 1746 1219 ss.)

71 1262 135 1302 (ob.
158 1262 348 1301 Bonifatiir)

70 1315 122 1347 ob.
144 1315 282 1346 Thomae
303 1315 407 1355 (1483)

69 1367 121 1399 ob.
143 1368 341 1399 Constantini

519 1262 655 1294 Thomas
675 1262 714 1293 de
736 1261 876 1303 Regibus

519 1315 767 1355 constanti(n)us
791 1314 960 1351 Marcuchi,
986 1313 1114 1345 clericus
1138 1314 1287 1355 Aquen.²)

518 1369 672 1400 nanticus
703 1368 888 1403 (Ludovieus
898 1367 926 1408 Ρ)
961 1367 1069 1404 Bruni,
1095 1366 1223 1398 clericus
1249 1367 1398 1408 Aquen.⁸)

1473 1263 1550 1292 1450
1582 1262 1650 1293 Oct.
1686 1263 1722 1292 14

1473 1316 1549 1345 1484
1576 1315 1666 1346 Febr.
1694 1316 1734 1345 20

1472 1369 1548 1399 1499
1580 1368 1652 1399 Jan.
1683 1369 1701 1398 9

1754 1262 1823 1293 Obl.
1848 1262 1896 1299 72,
1920 1263 1959 1292 44

1754 1315 1823 1346 Obl.
1847 1317 1896 1352 83,
1920 1316 1958 1346 89

1753 1368 1805 1399 AC
1827 1368 1948 1399 Camer.
1973 1368 1998 1406 I,
2022 1368 2058 1399 71

605 1468 795 1512 Aquila-n.
821 1468 994 1513 (Aquila)
1018 1469 1053 1501 in
1077 1469 1171 1502 Italia
1192 1469 1300 1510 infer„
1322 1469 1453 1501 immed.
1479 1470 1564 1510 subj.
1590 1470 1668 1510 (100
1691 1470 1741 1511 ss.)

68 1553 119 1585 ob.
139 1553 208 1585 Jac.
228 1554 316 1593 (1431
338 1554 411 1585 Jan.
429 1555 461 1593 6)

68 1617 126 1638 ree.
149 1607 220 1638 Am.
242 1606 354 1646 card.²)

68 1659 120 1691 ob.
147 1659 278 1691 Antonii
305 1659 468 1699 (Franc.2)

69 1711 120 1744 ob.
143 1713 244 1744 Amici
265 1713 349 1744 card.

69 1765 121 1796 ob.
142 1765 324 1805 Ludovici⁶)

69 1817 121 1850 ob.
146 1818 197 1850 Jo.
220 1818 257 1849 B.
280 1829 308 1850 a.
331 1829 355 1849 s.
378 1829 407 1850 a.

70 1871 122 1902 ob.
151 1871 202 1903 Jo.
229 1871 269 1902 de
295 1871 330 1902 L.
359 1872 463 1911 (1502)

495 2022 602 2053 Annon.
622 2023 707 2054 (Aix).

141 2073 162 2106 ¹)
192 2074 279 2105 Dim„
309 2074 420 2100 clericus
449 2083 517 2100 cam.
542 2078 630 2108 apost.
655 2090 690 2093 —
705 2075 730 2100 A
745 2075 827 2109 capit.
845 2075 951 2109 Aquen.
971 2076 1120 2102 Guilelmus

69 2117 105 2144 de
119 2117 225 2144 Littera
239 2118 268 2144 in
283 2127 391 2152 nepum.
409 2118 515 2152 Aquen.
534 2119 566 2144 el.
592 2122 621 2145 et
645 2127 661 2144 a
683 2119 771 2145 Felice
792 2119 824 2145 V.
843 2119 978 2153 antipapa
993 2119 1116 2145 confirm.

69 2164 121 2193 ot,
139 2163 183 2188 cui
202 2171 238 2188 m.
258 2162 323 2188 Dec.
346 2163 412 2188 1443
432 2163 546 2196 pallium
565 2163 730 2189 conceditur.
786 2163 839 2189 Otr.
870 2163 987 2189 Joannis
1013 2163 1048 2189 de
1073 2163 1118 2189 Se-

68 2206 151 2241 govia
169 2206 242 2232 Hist.
263 2207 370 2232 concilii
388 2207 470 2233 Basil.
510 2207 586 2239 (Ood.
607 2207 670 2233 vat.
691 2207 738 2233 lat.
759 2208 828 2233 4183
847 2207 866 2233 f.
888 2208 958 2239 268).

143 2250 165 2283 ¹)
185 2251 290 2276 Doctor
308 2251 390 2282 decr„
411 2259 484 2277 cons.
509 2252 576 2277 1460
596 2251 656 2277 Oct.
681 2252 721 2282 12,
742 2251 795 2277 obl.
817 2259 846 2277 se
868 2252 935 2277 1460
955 2251 1023 2285 Aug.
1045 2252 1086 2278 30.

140 2294 162 2327 ⁸)
181 2295 299 2321 Clericus
320 2295 460 2326 parisien„
482 2295 589 2326 nobilis,
611 2296 645 2321 25
665 2304 690 2321 a.
712 2304 802 2329 agens.
891 2292 893 2294 ’

139 2338 162 2371 ⁴)
181 2339 219 2365 Et
239 2347 288 2365 res.
312 2340 437 2367 Androne
457 2339 530 2365 card.
554 2339 713 2373 Lugdunen.

141 2383 164 2415 ι)
182 2383 236 2410 cer.
253 2392 336 2418 supra
351 2392 412 2418 pag.
430 2385 464 2409 48
480 2392 520 2409 nr.
538 2384 602 2414 507;
618 2384 665 2409 trs.
685 2384 751 2410 1503
768 2384 832 2409 Dec.
850 2384 883 2409 22
899 2383 935 2409 ad
950 2383 1121 2409 Aurelianen.
1154 2378 1156 2380 ¹

485 2455 592 2485 Annon.
612 2455 707 2486 (Dux).

146 2506 168 2539 ¹)
186 2507 292 2541 Utpcte
317 2507 399 2533 Felici
425 2508 573 2541 antipapae
598 2507 781 2537 adhaerentia,
807 2507 1036 2533 declarationibus
1062 2507 1124 2533 Fer-

72 2550 160 2576 rarius
175 2554 205 2577 et
221 2551 375 2577 Florentiae
391 2552 543 2577 successive
559 2555 656 2577 contra
672 2560 735 2577 eum
752 2552 840 2577 factis.
875 2551 928 2577 cfr.
946 2560 1029 2585 supra
1046 2560 1071 2585 p.
1093 2552 1125 2577 10

45 2597 50 2602 '
71 2593 128 2626 112,
146 2603 187 2620 nr.
209 2595 248 2621 10.

141 2638 164 2670 ²)
183 2638 250 2665 Litt.
273 2642 361 2673 apost.
385 2640 502 2674 scriptor
523 2643 552 2666 et
574 2640 696 2670 abbrev„
721 2648 843 2673 praepos.
868 2639 931 2665 8881.
955 2648 975 2665 s.
1002 2639 1123 2665 Severini

73 2682 251 2716 Burdegalen.

141 2727 164 2759 ⁸)
183 2726 293 2753 Reserv.
316 2728 341 2753 ei
362 2736 455 2754 annua
477 2737 551 2762 pens.
575 2729 626 2754 900
648 2729 676 2754 ss.
700 2728 734 2754 de
756 2728 794 2754 Co
795 2737 885 2753 nnnnn
887 2736 947 2753 rum
969 2731 998 2753 et
1019 2728 1071 2753 400
1093 2727 1121 2753 fl.

71 2770 106 2796 de
131 2771 238 2797 Oloren.
263 2771 326 2797 eccl.
352 2771 495 2798 fiuctibus.
549 2772 602 2804 Qui
626 2781 745 2798 unaeum
771 2772 921 2798 Beltrando
945 2772 1019 2805 apud
1043 2772 1124 2797 Gamo

72 2823 98 2849 p.
117 2815 173 2841 544*
187 2815 366 2841 desideratur.

142 2859 164 2891 4)
185 2859 294 2885 ReeerV.
317 2860 342 2885 81
362 2860 444 2886 tertia
465 2864 543 2894 parte
564 2861 703 2887 fructuum
725 2862 809 2894 ipsius
829 2861 892 2886 8881.

142 2903 164 2935 ⁵)
184 2903 325 2930 Protonot.
349 2907 447 2938 apost.¹
470 2913 554 2938 nepos
575 2906 659 2939 ipsius
681 2905 779 2936 Bertr„
802 2906 848 2938 qui
870 2904 925 2930 duo
947 2904 1021 2938 apud
1042 2904 1123 2929 Gams
1176 2938 1178 2943 Ι

71 2947 285 2974 confunduntur.

518 1554 647 1585 Amicus
673 1553 852 1595 (Agnifilus)
878 1555 917 1586 de
941 1554 1069 1586 Roccha
1095 1554 1240 1594 (Medii)¹)

518 1607 701 1638 Franciscus
727 1607 907 1648 (Agnifilus)
933 1607 1091 1647 Nicolai2),
1118 1618 1186 1638 ean.
1213 1607 1359 1648 Aquilan.

518 1660 647 1691 Amicus
672 1660 827 1701 Agnifilue
853 1660 883 1692 S.
910 1661 949 1692 R.
976 1661 1008 1692 C.
1034 1660 1118 1691 card.
1144 1660 1285 1699 iterum4)

518 1714 692 1745 Ludovicus
714 1713 754 1744 de
777 1714 891 1745 Burses
914 1714 953 1744 de
976 1713 1118 1755 Neapoli,
1142 1714 1224 1744 decr.
1248 1713 1384 1752 doctor⁵)

521 1766 659 1798 Joannos
685 1767 779 1808 Bapt.
806 1767 846 1798 de
874 1766 1026 1808 Gagloffis
1049 1766 1234 1807 (Galioffi)⁷)

521 1819 659 1851 Joaunes
684 1819 735 1859 (de
759 1819 940 1859 Leonibus),
965 1830 1013 1861 ep.
1040 1820 1199 1851 Casertan.

522 1873 697 1905 unalterius
720 1873 759 1904 de
787 1872 897 1910 Suard,
923 1872 1061 1904 decanus
1085 1872 1124 1903 de
1151 1872 1300 1911 Soliaoo8)

1470 1555 1544 1584 1431
1577 1553 1651 1584 Maii
1682 1554 1700 1583 4
1751 1553 1803 1584 AC
1825 1553 1953 1584 Miscell.
1978 1553 2004 1591 Ι,
2027 1554 2087 1584 218

1470 1659 1547 1690 1476
1574 1660 1653 1700 Aug.
1681 1660 1721 1690 20
1752 1659 1821 1690 Obl.
1845 1661 1894 1696 83,
1918 1660 1957 1690 44

1470 1712 1546 1743 1477
1578 1713 1650 1744 Jan.
1681 1714 1717 1743 31
1752 1712 1821 1743 Obl.
1845 1713 1895 1750 83,
1919 1713 1957 1742 46

1470 1766 1547 1796 1486
1578 1766 1650 1797 Jan.
1681 1766 1699 1795 9
1752 1765 1822 1797 Obl.
1846 1767 1895 1803 83,
1919 1766 1957 1796 99

1470 1819 1546 1849 1493
1574 1819 1652 1859 Aug.
1681 1819 1719 1849 23
1751 1819 1803 1849 AC
1826 1819 1946 1849 Camer.
1971 1818 1997 1855 I,
2020 1819 2059 1848 34

1470 1872 1547 1902 1502
1574 1871 1649 1902 Maii
1676 1872 1694 1901 9
1752 1872 1804 1902 AO
1826 1872 1947 1902 Oamer.
1972 1871 1997 1908 I,
2023 1871 2080 1901 108

1655 2022 1761 2052 Aquen.
1781 2021 1901 2053 (Aequi).

1299 2074 1320 2106 ¹)
1344 2074 1431 2106 Quem
1453 2074 1528 2108 apud
1549 2074 1629 2099 Gamo
1651 2082 1677 2107 p.
1701 2074 1752 2099 809
1774 2073 1915 2099 antecedit
1938 2073 2094 2099 Bel-nardus
2121 2074 2149 2105 (a
2179 2073 2234 2099 Fel.
2258 2073 2283 2099 V

1229 2119 1257 2144 in
1271 2118 1343 2144 card.
1360 2119 1523 2152 promotus),
1538 2119 1585 2152 qui
1599 2121 1693 2144 tamen
1708 2118 1743 2143 ad
1757 2118 1854 2144 seriem
1868 2118 2058 2151 episcoporum
2072 2117 2179 2151 Aquen.
2196 2117 2281 2149 (Dax)

1229 2163 1257 2188 in
1276 2171 1352 2196 prov.
1372 2163 1503 2188 Auxitan.
1524 2163 1651 2196 pertinet.

1299 2206 1321 2239 2)
1344 2207 1397 2238 Qui
1416 2207 1491 2240 apud
1509 2206 1590 2232 Gams
1608 2206 1786 2237 desideratur,
1813 2206 1932 2231 Hem-ico
1953 2206 2002 2238 (ibi
2021 2205 2174 2237 Ludovico)
2196 2205 2282 2231 Bruni

1229 2251 1286 2284 jam
1305 2251 1341 2276 ad
1359 2260 1383 2277 a.
1406 2251 1472 2277 1483
1491 2251 1637 2284 adscripto.

1299 2295 1321 2327 ³)
1340 2295 1437 2321 Consil.
1458 2298 1487 2320 et
1505 2298 1598 2320 secret.
1619 2295 1688 2328 regis
1707 2294 1798 2325 Rom„
1821 2294 1838 2328 †
1859 2294 1966 2320 Romae
1987 2295 2062 2320 1508.

1691 2366 1818 2397 Aquilam.

1300 2419 1321 2451 ¹)
1340 2419 1405 2445 Can.
1424 2419 1473 2452 ips.
1492 2419 1566 2449 eccl„
1584 2418 1654 2444 decr.
1674 2418 1777 2444 doctor.
1834 2419 1886 2450 Qui
1905 2419 1937 2444 18
1957 2418 2032 2452 Sept.
2053 2418 2119 2445 1467
2138 2420 2281 2451 promotus

1230 2464 1258 2489 in
1280 2463 1306 2490 S.
1329 2463 1361 2488 R.
1384 2463 1414 2488 E.
1436 2463 1509 2489 card.
1531 2463 1630 2488 retinet
1650 2463 1713 2488 8881.
1735 2463 1862 2496 Aquilan.

1300 2507 1321 2539 ²)
1342 2507 1451 2533 Reserv.
1472 2507 1496 2532 ei
1514 2515 1607 2532 annua
1626 2515 1699 2540 pens.
1720 2508 1772 2533 300
1790 2507 1818 2532 fl.

1300 2551 1321 2583 ³)
1341 2551 1431 2585 Ipsius
1449 2551 1521 2577 card.
1542 2559 1634 2584 nepos,
1654 2551 1724 2576 decr.
1745 2551 1818 2577 doct.

1300 2595 1321 2627 ⁴)
1341 2595 1390 2621 Oui
1405 2595 1514 2621 conced.
1531 2596 1559 2620 in
1574 2604 1672 2621 comm.
1690 2603 1761 2621 mon.
1779 2604 1812 2621 ss.
1835 2595 1940 2626 Quirini
1955 2597 1984 2620 et
2000 2594 2118 2620 Julittee
2144 2593 2175 2620 Ο.
2201 2593 2227 2620 8.
2250 2594 2282 2620 B.

1230 2639 1314 2665 dioec.
1338 2639 1446 2665 Reatin.
1470 2648 1528 2665 vac.
1552 2648 1600 2673 per
1620 2639 1663 2665 ob.
1688 2640 1771 2673 ipsius
1794 2639 1859 2665 Ant.

1300 2683 1321 2715 ⁵)
1341 2684 1393 2710 Cir.
1414 2692 1497 2717 supra
1516 2692 1575 2717 pag.
1596 2685 1630 2709 48
1649 2692 1688 2709 nr.
1709 2684 1768 2711 507.

1302 2727 1323 2759 ⁸)
1347 2728 1399 2759 Qui
1423 2728 1456 2754 25
1479 2728 1550 2754 Nov.
1574 2729 1649 2758 1485,
1673 2736 1759 2761 quum
1773 2730 1844 2753 esset
1859 2727 1998 2761 praelatus
2015 2726 2183 2752 domesticus
2197 2726 2283 2751 cardi-

1230 2772 1299 2797 nalis
1313 2772 1347 2798 de
1361 2772 1497 2806 Aragonia
1510 2780 1597 2805 nuper
1608 2772 1740 2802 defuncti,
1774 2772 1878 2797 Romae
1900 2771 1976 2797 obiit.
2003 2770 2056 2796 Ofr.
2082 2770 2182 2796 Bureh.
2207 2770 2282 2796 Diar.

1230 2816 1271 2842 ed.
1299 2816 1423 2842 'flauas-ne
1446 2816 1469 2846 Ι,
1496 2817 1552 2842 163.

1302 2860 1323 2892 ⁷)
1343 2860 1436 2886 Abbes
1451 2869 1523 2886 mon.
1540 2869 1559 2885 s.
1578 2860 1640 2886 Joh.
1657 2860 1691 2885 de
1705 2860 1873 2886 Coelimonte
1887 2859 1922 2885 de
1936 2859 2040 2885 Luculo
2055 2859 2086 2885 Ο.
2105 2858 2131 2884 S.
2148 2858 2180 2884 B.
2196 2858 2281 2884 dioec.

1231 2904 1367 2938 Aquilam,
1391 2905 1475 2930 frater
1498 2905 1613 2930 oratoris
1636 2905 1686 2930 civ.
1711 2904 1838 2938 Aquilan.
1864 2903 1949 2938 (apud
1973 2903 2083 2929 Curiam
2107 2903 2208 2934 Rom.).

1306 2948 1327 2981 ⁸)
1352 2948 1383 2975 Ο.
1410 2949 1436 2975 S.
1461 2949 1492 2975 B.
1516 2949 1600 2974 dioec.
1625 2948 1769 2974 Caturcen.
1795 2950 1855 2980 (res.
1883 2949 1969 2980 1504).

2073 2996 2129 3028 12*
