2436 3328
669 168 895 207 Lasouren„
919 169 1112 207 Laudem.
1130 169 1373 213 Laudunen..
1397 170 1619 207 musanen.
2194 173 2255 206 173

63 290 105 316 33¹¹.
595 264 812 312 Lucuren.
839 266 1011 307 (Losear)
1036 268 1071 299 in
1095 267 1212 308 Gallia,
1235 267 1326 300 suffr.
1351 267 1503 303 Auxitan.
1529 268 1629 307 (1300
1652 267 1698 308 fl.)

63 328 244 398 {amnas

72 406 107 437 ”·’.
126 401 212 435 Petri
231 401 316 433 card.
338 401 378 433 de
398 401 448 441 F.)

1439 353 1516 383 1433
1547 352 1621 383 Jan.
1650 354 1689 384 26

1440 406 1517 436 1465
1546 406 1634 437 Junii
1661 407 1697 437 21

490 349 599 381 Petrus
621 350 705 381 card.
728 350 767 381 (10
789 351 889 387 Faxo,
912 351 944 382 in
965 351 1106 391 comm.1)

489 402 646 434 Amandus
671 403 722 443 (de
746 403 909 443 Abbatia),
934 404 1110 435 commend.
1135 415 1220 436 mon.
1245 416 1269 436 s.
1297 405 1397 445 Joh.²)

1728 353 1781 385 AC
1801 354 1930 385 Miscell.
1953 354 1980 392 Ι,
2002 356 2062 386 232
2185 383 2189 386 .

1729 406 1819 438 Pauli
1838 407 1871 437 II
1890 418 1919 438 a.
1941 409 1955 438 1
1976 407 2048 440 Lat.
2067 408 2087 440 1.
2107 419 2154 450 pr.
2174 409 2201 440 f..
2215 410 2255 440 36

111 454 243 488 ’Δ1001ὤ
263 454 300 486 01.
491 456 631 488 Joannes
656 456 707 495 (de
732 456 848 496 Levis),
875 468 923 498 ep.
949 458 1146 499 Mirapiscen.
1439 459 1516 490 1467
1546 458 1620 490 Maii
1650 461 1690 490 20
1729 459 1799 491 Obl.
1822 462 1872 498 83,
1895 462 1912 491 6

91 526 94 527 ⁷
114 507 272 547 Joannis³)
489 509 643 541 Robertus
664 509 716 549 (de
739 509 882 551 Spinay)‚
904 515 1015 541 cantor
1035 510 1108 542 eccl.
1130 510 1304 549 Redonen„
1325 511 1396 543 cler.
1439 513 1516 543 1482
1543 513 1623 554 Aug.
1653 514 1688 544 12
1729 513 1799 544 Obl.
1822 515 1871 551 83,
1894 514 1935 544 80

490 562 690 602 (numatius)
712 562 752 594 (10
774 563 937 603 Peruciis4)
1439 566 1516 596 1488
1548 566 1618 597 Oct.
1652 568 1665 596 1
1729 566 1799 598 Obl.
1822 568 1871 603 83,
1897 568 1954 598 116

75 563 98 600 ’.j
106 561 167 594 Ro,
196 560 238 592 ad
266 560 445 592 Nanneten.

67 700 93 716 ’,ἑ
572 663 752 698 Lauden-
778 663 905 705 (Lodi)
929 664 964 696 in
989 665 1083 698 Italia
1107 675 1228 706 super„
1253 666 1343 699 suffr.
1367 666 1543 699 Mediolan.
1567 667 1646 706 (150
1669 667 1716 706 ss.)

102 746 174 780 Ger.
194 746 236 778 ad
256 746 420 778 Terdonen

488 748 645 780 Antonius
666 748 718 788 (de
739 748 917 788 Berneriis),
939 760 1008 780 can.
1031 750 1186 788 Parmen.,
1207 750 1289 782 decr.
1311 751 1396 781 doct.
1440 751 1516 781 1435
1544 751 1632 782 Junii
1659 751 1676 782 7
1729 751 1799 783 Obl.
1822 753 1871 789 66,
1897 754 1932 783 19

105 798 176 833 Ger.
199 799 240 831 ad
263 800 395 832 Cuman.
445 748 455 840 i
488 801 573 832 idem
597 802 765 839 Antonius,
791 812 934 843 praepos,
961 802 1033 834 eccl.
1059 813 1083 834 s.
1109 803 1227 835 Donini
1251 804 1396 835 Pax-men.
1439 803 1516 835 1437
1546 804 1634 835 Junii
1663 806 1698 835 12
1729 804 1798 836 Obl.
1822 806 1870 842 66,
1893 807 1933 836 35

72 871 90 903 ἢ·
115 853 190 886 Ant.
216 853 308 893 (1456
333 854 361 885 V
385 855 436 893 29)
488 854 615 886 Carolus
641 854 680 885 de
708 854 907 892 Palavicinis,
935 859 1059 896 proton.
1088 860 1201 897 apost„
1229 856 1396 896 subdiac.¹)
1439 858 1515 888 1456
1545 857 1633 888 Junii
1660 859 1696 888 21
1728 858 1798 889 Obl.
1822 858 1870 896 72,
1894 858 1932 890 72

107 906 176 939 Gar.
198 906 290 947 (1497
312 907 383 938 Oct.
407 908 436 947 1)
490 908 680 939 octavianus
708 907 825 939 Sfortia
851 908 916 948 (trs.
942 909 983 940 ad
1009 909 1128 940 Aretin.
1157 910 1272 950 1519)²)
1439 910 1515 941 1497
1547 910 1617 942 Oct.
1649 910 1687 942 27
1727 911 1779 942 AC
1801 911 1921 943 Camer.
1945 912 1971 950 Ι,
1994 914 2032 943 59

609 1007 847 1042 Lauduen.
872 1008 1009 1050 (Laon)
1033 1010 1067 1041 in
1091 1009 1207 1050 Gallia,
1231 997 1323 1043 suffr.
1346 1010 1483 1043 Remen.
1508 1012 1609 1051 (4000
1631 1011 1678 1052 ss.)

110 1091 283 1132 Guilelmfl)

67 1136 69 1138 ¹
489 1093 628 1125 Joannes
652 1092 832 1132 (Juvenalis
855 1093 894 1124 (10
918 1093 1063 1132 Ursinis),
1087 1105 1136 1135 ep.
1161 1094 1355 1134 Belvacenfl)
1439 1096 1516 1126 1444
1544 1095 1619 1136 Apr.
1649 1098 1667 1128 3
1728 1096 1798 1128 Obl.
1821 1097 1870 1135 72,
1893 1099 1912 1128 3

48 1142 78 1189 {-
101 1144 172 1179 Joa.
195 1145 237 1176 ad
259 1145 391 1176 Remen.
486 1145 644 1179 Antonius
668 1146 724 1186 (du
749 1146 812 1177 Bec
835 1146 986 1187 Crespin),
1011 1158 1059 1189 ep.
1084 1147 1233 1179 Parisien.
1439 1149 1515 1179 1449
1540 1148 1634 1180 Mart.
1660 1151 1678 1180 3
1728 1150 1798 1181 Obl.
1821 1150 1870 1188 72,
1893 1152 1932 1182 35

48 1195 51 1197 ’
81 1223 89 1230 .
116 1198 191 1230 Ant.
220 1198 262 1230 ad
289 1198 444 1238 Narbon.)
489 1199 628 1233 Joannes
652 1199 691 1230 de
718 1199 890 1236 Gaucourt,
916 1200 951 1231 in
974 1200 1129 1240 admin.,⁸)
1154 1200 1216 1232 obl.
1241 1211 1274 1232 se
1438 1202 1516 1232 1460
1545 1202 1622 1233 Julii
1649 1203 1688 1234 30
1728 1203 1798 1235 Obl.
1821 1203 1869 1241 76,
1895 1205 1951 1235 189

44 1249 69 1292 J·
88 1278 90 1282 ,
107 1252 159 1284 .Ϊο.
181 1252 273 1292 (1468
295 1251 370 1283 Jun.
394 1252 444 1292 10)
487 1252 678 1288 Reginaldus
701 1252 740 1284 de
765 1252 934 1290 Borbonio,
958 1253 1020 1285 def.
1037 1253 1127 1293 aetst)
1143 1257 1175 1285 et
1189 1257 1256 1285 nat.
1272 1254 1396 1295 patiens
1438 1256 1515 1285 1468
1544 1255 1621 1286 Julii
1648 1257 1667 1286 4
1728 1256 1797 1287 Obl.
1820 1258 1870 1294 83,
1895 1258 1933 1287 10

67 1329 75 1339 .
98 1305 210 1347 Regin.
235 1305 277 1336 ad
302 1305 443 1336 Narbon.
486 1305 614 1337 Carolus
636 1306 676 1337 de
699 1305 928 1347 Lucemburgo,
953 1317 1021 1338 can.
1047 1306 1216 1345 colonien„
1241 1308 1352 1339 minor.
1437 1307 1514 1339 1473
1539 1308 1632 1339 Mart.
1661 1310 1698 1339 15
1727 1309 1797 1341 Obl.
1820 1311 1869 1347 83,
1892 1310 1931 1341 27

417 1405 645 1441 Lausanen.
671 1405 913 1448 (Lausanne)
937 1407 971 1439 in
995 1407 1159 1448 Helvetia,
1181 1408 1271 1440 suffr.
1295 1408 1458 1440 Bisuntin.
1482 1409 1563 1449 (700
1585 1409 1619 1441 ss.
1643 1410 1683 1442 al.
1709 1412 1795 1443 1200
1817 1411 1864 1452 fl.)

100 1480 182 1513 cufi.
197 1482 287 1522 (1431
302 1481 378 1512 Maii
391 1482 443 1521 20)
485 1482 660 1513 rudovicus
690 1482 742 1522 (de
772 1482 874 1522 Palu),
905 1483 1005 1514 abbas
1034 1494 1118 1514 mon.
1150 1484 1395 1524 Treuomhienff)
1438 1485 1512 1515 1431
1544 1485 1633 1516 Junii
1660 1487 1678 1516 6

95 1533 176 1566 Lud.
199 1534 241 1566 ad
263 1534 411 1566 Avinion.

45 1587 75 1630 ᾗ.
98 1587 150 1620 Jo.
173 1588 215 1619 ad
236 1587 411 1630 Augusten.
488 1588 638 1624 Georgius
660 1588 699 1620 de
725 1588 866 1626 Saluzzo,
890 1600 939 1630 ep.
964 1589 1175 1631 Augusten.²),

44 1638 97 1680 ᾖε.
113 1640 170 1674 Ge.
185 1641 205 1682 †
220 1642 295 1672 1461
311 1640 394 1672 Nov.
409 1642 442 1681 5)
488 1641 660 1674 Guilelmus
687 1641 739 1681 (de
765 1642 894 1681 Varax),
921 1653 970 1684 ep.
998 1642 1183 1683 Bellicen.,³)

487 1535 626 1567 Joannes
649 1535 688 1566 de
712 1535 847 1576 Pragino
872 1536 1061 1577 (Prangins),
1085 1536 1134 1567 lic.
1159 1537 1191 1568 in

51 1690 84 1741 4
96 1694 171 1735 (Gu.
182 1705 211 1726 a.
224 1696 259 1726 ll
272 1695 349 1737 Apr.
363 1695 454 1734 1466)
487 1695 626 1727 Joaunes
648 1695 819 1732 Michaelis,
844 1706 986 1737 praepos
1011 1695 1208 1736 Vercellen.⁴)

66 1772 84 1795 ⁴·
105 1747 171 1788 (Jo.
194 1749 272 1779 1468
291 1748 368 1780 Dec.
390 1749 442 1788 28)
487 1748 633 1780 Julianus
658 1748 709 1788 (de
733 1748 870 1788 Rovere)
897 1748 927 1780 S.
952 1749 991 1780 R.
1018 1749 1054 1780 E.
1079 1749 1191 1789 card.⁵)

46 1816 91 1834 w-.
107 1801 172 1834 Jul.
189 1801 257 1842 (cfr.
273 1802 453 1841 Constant.)
484 1802 671 1834 Benedictus
696 1801 748 1841 (de
771 1801 1013 1842 Montferrand),
1038 1802 1075 1833 el.
1101 1802 1347 1843 Constantien.⁰)

44 1847 84 1892 j.
105 1854 195 1896 (Ben.
218 1856 292 1886 1491
315 1854 390 1886 Maii
410 1855 442 1894 8)
484 1855 587 1890 Aymo
610 1855 661 1894 (de
682 1855 931 1895 Montfaucon)⁷)

55 2051 57 2053 ’
102 2057 124 2091 ¹)
142 2057 190 2085 Ita
205 2061 239 2084 ut
255 2058 383 2085 dimittat
399 2058 541 2092 quandam
558 2058 702 2084 abbatiam
720 2058 752 2085 Ο.
773 2058 800 2085 8.
819 2058 851 2084 Β.
870 2058 955 2084 dioec.
975 2059 1088 2084 Remen.

53 2104 68 2111 ’
81 2102 220 2137 quondam
236 2103 390 2137 prioratum
406 2111 476 2129 saec.
494 2103 579 2129 dioec.
597 2103 722 2137 Vigilien.
740 2105 769 2129 et
785 2103 938 2137 prioratum
955 2111 975 2128 e.
994 2103 1091 2129 Licerii

40 2157 66 2183 ,.·
81 2145 159 2174 01110.
175 2147 261 2173 dioec.
278 2147 405 2173 Tar-vien.
437 2147 489 2173 Die
505 2147 539 2173 20
554 2147 619 2181 Apr.
639 2147 706 2173 1433
721 2147 768 2173 illa
783 2147 946 2173 commenda
960 2150 1091 2173 revocata

64 2205 66 2208 ⁴
104 2190 222 2226 Rogerio
239 2200 281 2226 ep.
301 2191 422 2217 Aduten.
441 2191 478 2217 ad
495 2191 559 2217 eccl.
579 2191 725 2217 Lascuren.
744 2192 880 2218 translato
899 2191 971 2223 (Obl.
991 2192 1034 2222 66,
1052 2192 1090 2223 3),

68 2235 169 2262 mnbus
190 2236 277 2270 ipsius
298 2235 363 2262 eccl.
387 2236 471 2262 Petro
493 2236 567 2262 card.
591 2236 626 2262 de
648 2236 727 2262 Fuxo
749 2236 786 2262 ad
808 2244 913 2262 annum
935 2236 1088 2262 reservatis.

39 2283 82 2314 ¹¹22.
110 2279 168 2313 jam
189 2281 206 2306 4
225 2280 295 2314 Aug.
321 2280 388 2306 1433
409 2280 509 2306 Petrus
529 2280 603 2306 card.
625 2280 660 2306 de
681 2280 760 2306 Fuxo
780 2280 922 2306 ecclesiam
943 2280 1088 2306 Lascuren.

45 2350 48 2352 .
60 2342 65 2345 ν
76 2331 150 2350 novo
159 2324 268 2351 obtinet
276 2325 306 2350 in
315 2333 424 2355 comm.,
436 2324 553 2358 Rogerio
563 2324 599 2350 ad
608 2324 728 2350 Aduren.
740 2324 905 2350 retranslato
915 2324 987 2356 (Obl.
999 2325 1042 2355 66,
1052 2325 1088 2356 3).

35 2360 89 2396 sas-¹„
107 2367 245 2395 Amlaoen.
265 2371 323 2395 not.
344 2369 360 2394 2
378 2372 408 2395 et
425 2369 597 2403 Mirapiscen.
617 2371 674 2395 not.
697 2370 719 2395 1.

46 2430 59 2450 ,1
103 2411 126 2446 ⁸)
144 2412 280 2440 Lorduen.
328 2413 408 2445 Quod
430 2413 466 2439 ab
488 2413 547 2447 ipso
568 2414 737 2447 resignatum
758 2421 831 2438 nunc
853 2413 935 2439 Petro
956 2413 990 2438 de
1011 2413 1090 2438 Fuxo

43 2451 77 2492 ’ζ’
90 2456 125 2479 '=··
147 2456 293 2484 hmumn.
315 2458 421 2492 (nepoti
439 2457 573 2492 praedicti
591 2457 677 2490 card.)
696 2457 856 2483 conceditur
874 2458 902 2483 in
920 2465 1018 2483 comm.

79 2519 87 2531 ς
103 2500 126 2534 ⁸)
145 2501 183 2528 Et
195 2502 271 2528 Petri
284 2501 319 2528 de
335 2502 497 2536 Supmvilla,
512 2505 651 2536 protonot.
667 2505 766 2536 apost„
781 2502 797 2527 2
811 2501 880 2535 Aug.
898 2502 964 2527 1482
979 2501 1089 2535 provisi,

75 2544 126 2579 2⁸.
145 2554 166 2572 s.
186 2554 211 2572 a.
231 2546 348 2573 decessit
366 2547 536 2580 possessione
555 2547 639 2580 ipsius
657 2546 721 2572 eccl.
742 2546 819 2572 Lasc.
840 2554 895 2571 non
914 2545 1018 2572 habita.

48 2582 79 2603 ⁴'
102 2588 127 2623 ⁴)
146 2589 218 2616 Eccl.
247 2590 393 2616 Lascuren.
423 2599 471 2624 per
497 2591 558 2623 ejus
584 2599 690 2616 cessum
718 2590 761 2616 vel
788 2590 929 2616 decessum
957 2593 1091 2615 vacatura

47 2649 60 2655 vv
84 2647 95 2655 ⁴1
115 2636 191 2660 ‹1tur
215 2635 248 2661 14
271 2634 333 2661 Oct.
361 2635 428 2661 1502
452 2635 549 2661 Carolo
572 2635 607 2660 de
633 2634 793 2665 Gramonte,
818 2634 875 2660 filio
899 2635 968 2668 regis
992 2634 1088 2660 Franc.

51 2670 55 2675 ’
78 2682 90 2700 θ
118 2677 223 2706 osmer.
254 2679 278 2710 Ι,
309 2679 378 2711 111).
421 2679 474 2705 Sed
502 2679 636 2706 defuncto
666 2679 710 2704 illo
740 2678 883 2704 Bonifacio
911 2678 1033 2704 succedit
1064 2686 1088 2704 a.

48 2759 49 2762 ¹
62 2727 81 2744 1¹
126 2725 161 2749 ut
181 2723 285 2750 admin.
310 2723 470 2749 Amanevus
490 2723 563 2750 card.
585 2723 620 2749 de
640 2723 762 2749 Albreto.

503 2794 622 2821 Lauden.

101 2853 128 2887 ¹)
150 2853 276 2886 Quocum
293 2854 470 2888 dispensatur
488 2863 570 2889 super
587 2855 696 2881 defectu
716 2855 824 2880 aetatis.

106 2897 129 2932 ¹)
147 2898 242 2933 Usque
257 2899 293 2925 ad
309 2907 333 2925 a.
351 2899 384 2926 27
401 2899 429 2924 in
445 2899 558 2929 admin„
574 2899 638 2925 dein
654 2900 681 2925 in
697 2907 787 2933 epum.
820 2899 871 2924 Die
890 2900 920 2925 13
937 2899 1004 2933 Aug.
1025 2900 1088 2925 1501

62 2970 67 2974 ,
85 2957 87 2960 <
113 2941 245 2974 lauden„
258 2946 392 2969 vacatura
403 2951 451 2977 per
463 2951 568 2969 cessum
579 2946 629 2969 aut
641 2943 782 2969 decessum
796 2946 846 2969 aut
860 2943 953 2969 transl.
969 2943 1091 2969 moderni

1727 1486 1806 1527 Eug.
1831 1486 1877 1518 1v
1901 1487 1972 1519 Lat.
1997 1488 2056 1519 302
2079 1487 2102 1519 f.
2128 1466 2201 1519 184'

1215 1536 1273 1578 leg.
1438 1538 1515 1569 1433
1543 1538 1624 1570 Nov.
1653 1540 1673 1569 4
1727 1539 1797 1570 Obl.
1821 1540 1869 1577 66,
1893 1539 1911 1571 7

1200 1594 1274 1621 ante
1438 1591 1516 1621 1440
1543 1591 1618 1632 Apr.
1650 1592 1688 1622 10
1728 1592 1826 1624 Gams
1847 1593 1906 1623 284

1209 1643 1287 1674 solv.
1314 1654 1394 1674 serv.
1438 1645 1514 1675 1462
1546 1644 1616 1676 Oct.
1648 1646 1684 1676 31
1727 1645 1796 1677 Obl.
1820 1645 1868 1683 79,
1891 1647 1931 1677 38

1438 1698 1514 1728 1466
1544 1698 1630 1729 Junii
1659 1700 1677 1729 3
1727 1698 1796 1730 Obl.
1819 1700 1869 1736 83,
1892 1701 1910 1730 3

1437 1750 1514 1782 1472
1544 1751 1618 1782 Jan.
1647 1753 1683 1782 31
1726 1751 1796 1783 Obl.
1819 1753 1867 1789 83,
1891 1753 1929 1783 23

1437 1804 1513 1835 1476
1543 1804 1620 1836 Julii
1649 1806 1686 1836 15
1726 1805 1795 1836 Obl.
1819 1806 1867 1842 83,
1891 1807 1929 1836 43

1437 1858 1511 1887 1491
1542 1858 1618 1889 Maii
1649 1859 1685 1888 16
1725 1858 1776 1889 AC
1798 1859 1919 1889 Camer.
1943 1858 1968 1896 Ι,
1993 1860 2030 1890 15

1198 2022 1251 2048 ep„
1268 2018 1424 2040 reservatur
1447 2012 1566 2046 Claudio,
1590 2015 1693 2040 oratori
1710 2015 1779 2049 regis
1803 2015 1934 2041 Franciae
1953 2015 2010 2048 (Ac
2025 2015 2129 2042 Oamer.
2152 2016 2175 2046 Ι,
2191 2017 2249 2048 98);

1199 2058 1248 2085 sed
1266 2067 1299 2085 eo
1323 2059 1392 2085 1519
1415 2059 1512 2093 resign.
1537 2059 1659 2085 succedit
1683 2059 1753 2092 (loco
1776 2059 1893 2092 Claudii)
1917 2059 1994 2086 alius.

1646 2105 1803 2131 Laudunen.

1269 2147 1290 2179 ¹)
1309 2147 1363 2173 Gfr.
1384 2147 1548 2174 Nemausen.

1268 2191 1290 2223 ²)
1309 2191 1410 2217 Annua
1435 2200 1509 2225 pens.
1537 2192 1588 2218 200
1613 2191 1642 2217 fl.
1668 2195 1807 2218 reservata
1832 2201 1904 2226 mag.
1930 2193 2010 2220 Petro
2033 2192 2068 2218 de
2094 2192 2249 2219 Godemont

1199 2236 1235 2261 ad
1254 2236 1342 2270 ipsam
1361 2236 1424 2261 eccl.
1445 2236 1539 2262 electo.

1269 2280 1290 2312 ³)
1310 2280 1404 2314 Usque
1420 2280 1456 2306 ad
1473 2282 1527 2306 aet.
1545 2280 1605 2314 leg„
1621 2280 1684 2306 dein
1700 2281 1730 2306 in
1746 2289 1843 2314 epum„
1859 2289 1936 2314 prov.
1956 2281 2023 2307 1460
2038 2281 2116 2307 Febr.
2134 2281 2159 2312 7,
2175 2289 2246 2307 cons.
2273 2293 2277 2296 ·

1202 2325 1269 2350 1460
1287 2325 1358 2351 Nov.
1379 2325 1420 2350 30.

1266 2368 1288 2401 ⁴)
1307 2369 1341 2395 29
1359 2377 1383 2395 a.
1404 2377 1495 2402 agens.

1648 2414 1800 2441 musanen.

1267 2457 1288 2489 ¹)
1309 2457 1340 2483 Ο.
1359 2457 1384 2483 S.
1402 2457 1433 2483 B.
1450 2457 1535 2483 dioec.
1551 2457 1672 2483 Cabilon.
1702 2457 1880 2483 Desideratur
1894 2457 1969 2492 apud
1981 2457 2069 2483 Gamo.
2098 2457 2152 2484 etr.
2167 2466 2249 2491 supra

1197 2510 1258 2535 pag.
1280 2502 1296 2527 9
1317 2510 1357 2527 nr.
1380 2501 1435 2531 IIa,
1458 2502 1482 2532 1,
1502 2504 1532 2527 et
1551 2501 1622 2527 infra
1642 2510 1663 2527 s.
1685 2510 1711 2527 v.
1733 2502 1901 2527 Maurianen.
1923 2504 1981 2528 not.
2005 2503 2027 2528 1.

1267 2546 1289 2577 2)
1309 2546 1343 2571 In
1368 2545 1504 2571 schedulis
1531 2545 1660 2579 Garamp.
1686 2554 1741 2572 non
1767 2547 1842 2580 prius
1866 2554 1950 2580 quam
1975 2555 1999 2572 a.
2028 2547 2094 2573 1447
2119 2546 2248 2577 occurrit3

1197 2599 1221 2615 a.
1246 2591 1313 2615 1455
1334 2590 1369 2615 fit
1389 2590 1553 2615 castellanus
1573 2590 1656 2615 castri
1675 2598 1695 2615 s.
1717 2590 1814 2624 Angeli
1832 2590 1867 2616 de
1886 2590 1969 2616 Urbe.
2010 2590 2079 2623 Ejus
2098 2590 2191 2616 transl.
2213 2590 2249 2616 ab

1198 2634 1268 2668 Aug.
1286 2634 1323 2659 ad
1331 2634 1412 2659 Laus.
1423 2637 1451 2660 et
1460 2634 1479 2660 J
1480 2634 1577 2659 oannis
1593 2642 1610 2659 a.
1617 2634 1697 2660 Laus.
1706 2634 1742 2660 ad
1749 2634 1818 2668 Aug.
1827 2635 1902 2660 facta
1909 2637 1951 2660 est
1958 2643 1975 2660 a
1982 2634 2070 2660 Felice
2076 2634 2101 2660 V
2107 2634 2247 2668 antipapa.

1195 2678 1249 2705 Gfr.
1277 2678 1352 2704 Rem.
1375 2677 1578 2710 Quartabdm'ti
1602 2679 1669 2704 1902
1692 2686 1752 2712 pag.
1778 2679 1830 2706 276
1852 2687 1873 2705 s.

1266 2722 1288 2754 ³)
1307 2723 1350 2748 Tr.
1373 2723 1439 2748 1462
1459 2722 1523 2756 Apr.
1546 2723 1584 2748 18.

1267 2766 1289 2798 ⁴)
1308 2766 1424 2792 Cancell.
1447 2766 1525 2792 ducis
1548 2766 1710 2792 Sabaudiae.
1754 2767 1807 2793 Cir.
1831 2767 2031 2801 Montisregalis
2052 2766 2212 2793 Pedemont.

1267 2810 1288 2843 ⁶)
1308 2810 1459 2836 Absolutus
1479 2811 1515 2836 ab
1535 2810 1598 2836 eccl.
1620 2810 1810 2845 Carpentorat.
1851 2811 1904 2837 Cir.
1926 2811 2088 2842 Messanam,
2108 2810 2247 2837 Lodoven.

1270 2855 1292 2887 ⁶)
1312 2855 1464 2880 Reservata
1484 2855 1600 2888 antiqua
1630 2863 1704 2889 pens.
1735 2863 1828 2881 annua
1850 2856 1917 2881 1500
1936 2855 1964 2881 fl.
1987 2855 2127 2881 Ludovioo
2146 2855 2180 2881 de
2201 2855 2248 2882 Sa-

1199 2899 1300 2925 baudia
1319 2902 1458 2933 protonot.
1478 2902 1566 2933 apost.
1587 2898 1725 2925 solvenda.

1270 2943 1292 2976 ⁷)
1311 2943 1365 2970 cfr.
1391 2943 1547 2969 Gebennen.
1571 2942 1606 2969 ad
1629 2952 1653 2969 a.
1679 2944 1754 2970 1497.
1798 2943 1875 2970 Obiit
1899 2944 1931 2970 10
1953 2943 2022 2977 Aug.
2047 2944 2122 2971 1517.
