2436 3328
657 177 881 220 Warmien„
902 178 1096 219 vasaten„
1119 177 1339 217 Vasionen„
1362 177 1541 217 Vauren„
1563 176 1721 221 veglen.
2235 179 2298 210 263

1487 280 1563 310 1468
1585 279 1666 310 Νον.
1689 280 1708 310 4

1487 333 1563 363 1489
1584 332 1659 363 Maii
1683 333 1719 363 18

57 277 349 319 301112211110467
368 278 432 310 Jul.
450 279 501 318 23)

57 319 62 323 ,μ
532 279 679 311 nicolaus
703 280 809 321 Tonge
834 281 1019 321 (Tuengen)‚
1045 281 1178 322 scriptor
1202 280 1263 311 litt.
1289 281 1406 321 apost.)
1420 279 1444 318 ²)

61 331 133 375 Ἰὼ.
152 332 221 364 Nic.
242 333 334 373 (1489
353 331 429 363 Feb.
452 333 501 371 14)

532 333 633 364 Lucas
658 332 884 374 Weisselrod,³)
910 333 948 364 el.
977 334 1053 364 1489
1079 333 1170 364 Febr.
1199 334 1245 370 19,
1271 343 1360 374 prov.

1775 279 1844 311 Obl.
1868 280 1917 317 83,
1942 281 1976 310 11

1777 332 1896 363 Schede
1917 332 1949 364 di
1973 332 2124 374 Garampi

669 458 870 493 vasten.
895 459 1051 501 (Bazas)
1076 461 1110 492 in
1135 460 1251 500 Gallia,
1275 460 1366 492 suffr.
1390 460 1542 493 Auxitan.
1570 461 1651 501 (600
1673 460 1720 501 ss.)

61 515 134 581 nb.
155 543 249 575 Bern.
271 542 311 574 de
333 542 459 574 Yvonio

534 543 690 575 ΗΘΜ-16118
711 543 752 574 (16
774 543 868 574 Cavis
891 544 1038 583 (Cavier),
1063 555 1131 575 can.
1157 544 1364 585 Burdegalen.
1490 546 1565 575 1433
1588 544 1657 576 Oct.
1680 546 1716 575 21
1777 544 1846 575 Obl.
1870 546 1918 582 66,
1945 546 1978 575 ll

60 591 503 636 '3b.Hen.(a.18N0v.1446)
534 597 712 628 Bernardus
739 595 855 636 (Yvest
881 596 924 627 du
952 597 1085 636 Rosier),
1113 597 1173 638 jur.
1202 602 1263 628 utr.
1291 597 1402 628 doctor
1489 597 1564 628 1447
1587 597 1661 628 Feb.
1687 599 1723 628 15
1777 597 1846 628 Obl.
1870 597 1918 634 72,
1944 598 1979 628 17

61 652 123 685 11.
144 649 237 682 Bern.
259 649 301 680 ad
321 649 502 680 Montisalb.
534 650 742 685 Raymundus
766 649 818 689 (de
842 649 953 689 Tulle),
978 661 1027 691 ep.
1053 650 1260 681 Conseranen.
1490 651 1566 681 1450
1589 650 1662 681 Jan.
1685 651 1703 681 9
1777 650 1846 682 Obl.
1870 650 1919 687 72,
1942 652 1980 681 39

56 702 134 742 bb.
155 702 341 743 Raymundi
534 702 742 738 Raymundus
766 702 805 733 de
831 703 991 734 Torculari
1017 703 1146 743 (Treuil)
1173 703 1209 735 O.
1236 703 1338 742 Min.1)
1489 703 1564 734 1457
1587 703 1662 744 Apr.
1688 705 1701 734 1
1778 703 1847 735 Obl.
1871 703 1919 741 72,
1942 703 1981 734 75

51 761 141 793 ῇς.
162 755 373 796 Raymund12)
538 756 678 788 Joannes
695 755 841 793 Bonaldi,
860 756 944 797 prior
960 756 1017 797 ips.
1035 756 1120 794 eccl.‚
1137 756 1220 788 decr.
1240 756 1271 787 d.
1303 756 1334 796 (†
1356 757 1446 795 1504)
1489 757 1565 787 1486
1587 756 1662 787 Feb.
1685 758 1723 787 25
1778 756 1847 788 Obl.
1870 758 1919 794 83,
1945 757 1998 787 101

643 881 865 917 vasionen.
888 882 1067 937 (Yajson)
1089 883 1124 915 in
1148 883 1264 924 Gallia,
1287 884 1378 916 suffr.
1405 884 1568 917 Arelaten.
1593 886 1672 925 (500
1694 885 1743 927 fl.)

51 960 135 1009 frob.
156 967 301 1009 Hugonis
324 968 428 1007 (1445)
537 967 679 1007 (Pontius
703 967 743 998 de
770 966 875 1006 Sede),
902 978 1044 1008 praepos.
1072 967 1230 1006 Avinion.,
1255 968 1337 999 decr.
1363 968 1447 1000 doct.
1492 970 1568 999 1448
1591 969 1668 1000 Julii
1689 971 1727 1000 26
1779 969 1848 1001 Obl.
1873 970 1921 1007 72,
1944 971 1982 1000 33

50 1021 135 1059 -ῑέῐοΒ,
156 1021 263 1052 Pontii
538 1021 678 1052 «Ioannes
701 1019 741 1051 de
765 1020 1022 1058 Montemirabili,
1048 1031 1116 1052 can.
1143 1021 1301 1062 Lingon.1)
1491 1021 1567 1053 1473
1589 1022 1663 1053 Maii
1685 1024 1724 1053 24
1781 1022 1861 1053 sixt.
1883 1022 1928 1054 IV
1946 1022 2018 1054 Lat.
2039 1033 2067 1054 a.
2088 1024 2106 1053 2
2125 1023 2145 1054 l.
2168 1024 2181 1053 1
2203 1023 2224 1054 f.
2245 1024 2304 1054 263

57 1070 134 1109 Y‘ob.
157 1074 209 1106 J0.
233 1073 324 1114 (1479
349 1073 424 1105 Jun.
447 1074 479 1112 3)
536 1073 714 1104 Amairicus
1492 1075 1567 1106 1479
1592 1075 1679 1107 Junii
1701 1077 1720 1106 4
1780 1075 1849 1107 Obl.
1873 1077 1921 1113 83,
1945 1077 1980 1106 61

55 1137 141 1160 res
163 1126 313 1158 Amalrici
539 1126 626 1158 Oddo
649 1126 761 1166 (Ozic),
784 1126 884 1157 abbas
906 1137 991 1158 mon.
1014 1137 1038 1158 s,
1062 1127 1266 1168 Polycarpi2)
1482 1129 1568 1158 ‘1482
1592 1128 1680 1159 Junii
1704 1128 1739 1159 17
1782 1128 1862 1159 Sixt.
1886 1128 1931 1160 IV
1952 1128 2023 1160 Lat.
2047 1139 2075 1160 a.
2100 1130 2136 1159 12
2158 1128 2178 1160 l.
2203 1130 2217 1159 1
2242 1129 2262 1159 f.
2286 1130 2305 1159 6

51 1179 135 1224 ’ζ’-61).
158 1180 300 1212 Oddonis
536 1179 709 1215 Rolandus,
731 1190 780 1220 ep.
803 1179 1024 1219 Anteraden.³)
1492 1182 1568 1212 1483
1591 1181 1660 1212 Oct.
1686 1181 1722 1212 17
1781 1181 1850 1213 Obl.
1873 1183 1922 1218 83,
1945 1181 1984 1212 87

54 1238 141 1267 ms.
165 1232 321 1272 Orlandi⁴)
536 1233 724 1264 Benedictus
739 1232 778 1264 de
794 1232 982 1274 Paganottis
998 1233 1034 1264 O.
1051 1233 1174 1271 Praed,
1194 1244 1236 1264 m.
1253 1233 1298 1265 th.
1316 1233 1348 1274 (†
1359 1235 1450 1274 1522)
1492 1235 1568 1264 1485
1591 1234 1665 1266 Feb.
1688 1235 1727 1265 28
1781 1234 1851 1266 Obl.
1874 1236 1922 1272 83,
1946 1236 1984 1265 96

903 1359 1203 1395 waterforden.
1227 1373 1253 1393 v.
1278 1361 1499 1396 Lismoren.

47 1536 49 1539 ι
664 1484 843 1519 vaureu.
868 1485 1051 1525 (Lavaur)
1075 1485 1108 1517 in
1132 1485 1249 1526 Gallia,
1273 1486 1364 1518 suffr.
1389 1486 1542 1518 Tolosan.
1568 1486 1668 1527 (2500
1691 1487 1737 1527 fl.)

87 1569 139 1602 ob.
161 1570 227 1610 (J0.
250 1571 327 1601 1433
349 1569 436 1611 Sept.
457 1571 494 1601 21

500 1571 509 1609 )
542 1570 682 1602 «Ioannes
708 1569 848 1600 Botarici
875 1569 1056 1609 (Boucher),
1083 1569 1183 1600 adiac.
1210 1570 1268 1611 ips.
1295 1570 1368 1601 6661.
1496 1572 1572 1602 1434
1596 1571 1668 1602 Jan.
1694 1573 1729 1602 13
1783 1571 1853 1603 Obl.
1876 1573 1924 1610 66,
1950 1573 1987 1602 10

55 1633 57 1635 ’
89 1622 153 1664 (οΒ.
180 1623 232 1655 J0.
259 1623 337 1654 1458
364 1622 451 1664 Sept.
478 1624 509 1662 6)
543 1623 682 1655 Joannes
705 1622 892 1662 (Gentiano,
916 1622 978 1653 obl.
1001 1633 1033 1653 se
1496 1625 1572 1654 1459
1596 1624 1672 1655 Julii
1693 1625 1734 1655 30
1784 1625 1853 1656 Obl.
1877 1625 1925 1662 76,
1951 1625 2004 1656 171

89 1674 141 1709 ob.
165 1676 231 1716 (J0.
257 1677 334 1707 1469
358 1676 433 1718 Apr.
458 1677 509 1716 26)
543 1677 682 1708 Joannes
703 1676 807 1707 Vicier
829 1676 958 1717 (Vigier)
1496 1678 1572 1707 1469
1596 1677 1684 1708 Junii
1705 1679 1723 1708 5
1784 1677 1853 1709 Obl.
1876 1679 1925 1715 83,
1950 1680 1986 1709 13

89 1728 142 1762 οΒ.
163 1729 215 1761 .Ῑο.
235 1729 326 1770 (1497
344 1729 438 1761 Mart.
460 1731 509 1769 16)
541 1730 659 1761 Hector
684 1729 723 1760 de
751 1729 921 1766 Borbonio,
949 1739 1018 1769 aep.
1047 1728 1225 1766 Tholosan.,
1252 1729 1285 1759 in
1312 1730 1452 1769 comm.¹)
1496 1730 1571 1761 1497
1593 1730 1667 1761 Maii
1689 1732 1727 1761 22
1783 1731 1834 1762 AC
1856 1731 1975 1762 Camer.
2000 1731 2025 1768 I,
2048 1733 2087 1762 55

43 1799 49 1822 2
89 1793 147 1814 res.
169 1782 262 1814 Hect.
283 1783 363 1824 aepi.
385 1782 509 1814 Tholos
541 1783 652 1814 Petrus
675 1782 714 1813 de
738 1782 864 1823 Roseyo
890 1782 1063 1823 (Roserge),
1089 1782 1123 1813 in
1146 1781 1289 1821 admin.²)
1496 1783 1573 1813 1500
1594 1783 1668 1824 Apr.
1691 1785 1729 1814 29
1783 1784 1834 1814 AC
1856 1784 1976 1815 Camer.
2000 1784 2025 1821 Ι,
2048 1785 2087 1815 84

634 1909 805 1953 veglen.
831 1908 993 1953 (Veglia)
1017 1910 1051 1941 in
1074 1911 1136 1942 ins.
1162 1919 1322 1950 cognom,
1347 1910 1436 1942 suffr.
1461 1911 1591 1943 Jadren.
1616 1912 1695 1952 (100
1716 1911 1765 1953 fl.)

52 2015 53 2019 ,
89 1993 140 2025 ob.
162 1993 285 2025 Nicolai
541 1995 682 2030 Angelus
705 1994 744 2025 de
770 1994 913 2025 Bononia
938 1994 975 2025 Ο.
1002 1993 1124 2031 Praed„
1149 2005 1231 2035 mag.
1257 1994 1352 2025 theol.
1496 1995 1571 2025 1436
1595 1994 1663 2026 Oct.
1687 1996 1705 2025 8
1784 1995 1852 2026 Obl.
1876 1997 1924 2033 66,
1947 1997 1985 2026 29

47 2063 50 2066 >
89 2045 153 2087 (ob.
176 2046 299 2088 Angeli)
541 2048 727 2079 Franciscus
753 2047 789 2078 O.
815 2047 903 2084 Min„
929 2047 1015 2078 bace.
1042 2047 1133 2078 form.
1159 2047 1190 2078 in
1217 2047 1311 2078 theol.
1496 2048 1572 2077 1444
1594 2047 1668 2079 Dec.
1691 2049 1709 2078 2
1783 2048 1852 2079 Obl.
1876 2048 1924 2086 72,
1947 2050 1966 2079 8

54 2105 58 2108 ”
89 2102 129 2132 tr.
152 2099 263 2131 Franc.
286 2099 327 2131 ad
349 2100 482 2132 Corbav.
541 2101 688 2132 Nicolaus
709 2100 869 2131 Valentini
891 2100 930 2131 de
953 2100 1050 2141 Vegla
1063 2100 1086 2139 l)
1496 2100 1571 2131 1457
1593 2101 1668 2142 Apr.
1691 2102 1729 2131 29
1784 2101 1852 2132 Obl.
1877 2102 1924 2139 72,
1948 2102 1986 2132 75

51 2160 55 2190 ᾖ
89 2152 140 2184 ob.
163 2152 232 2184 Nic.
255 2153 294 2192 (c.
320 2153 410 2192 1484)
542 2154 686 2185 Donatus
707 2153 746 2184 de
768 2154 863 2185 Torre
883 2153 950 2193 (trs.
970 2153 1012 2184 ad
1033 2153 1168 2184 Bosnen.
1194 2154 1294 2192 1515),
1318 2163 1405 2194 prov.
1496 2154 1571 2183 1484
1593 2154 1672 2185 Ded.
1698 2154 1733 2184 17
1785 2154 1903 2185 Sehede
1925 2155 1956 2185 di
1981 2155 2130 2196 Garampi

543 2330 692 2358 Watmien,
1254 2329 1307 2354 vici
1321 2329 1389 2362 regis
1403 2329 1498 2355 Franc.
1513 2338 1547 2355 ex
1560 2330 1662 2363 oppido
1675 2330 1780 2356 Chinon
1794 2331 1828 2357 20
1841 2331 1905 2357 Dec.
1923 2332 1989 2357 1498
2002 2331 2093 2362 datae,
2108 2332 2207 2365 quibus
2220 2332 2305 2358 cardi-

159 2373 182 2406 ²)
200 2373 255 2400 Oh·-
274 2373 415 2400 Caminen.
435 2376 493 2399 not.
514 2375 538 2399 2.
1254 2373 1329 2398 nales
1348 2373 1436 2406 rogati
1454 2376 1528 2404 sunt,
1547 2376 1579 2399 ut
1597 2374 1672 2408 apud
1692 2374 1718 2401 S.
1738 2375 1768 2400 P.
1788 2375 1988 2401 intercederent
2006 2379 2034 2402 et
2053 2375 2163 2409 quidem
2182 2384 2230 2409 per
2247 2376 2306 2402 illas

158 2417 182 2450 ³)
201 2417 386 2452 (Watzaelrode
405 2417 421 2451 †
442 2418 509 2444 1512
527 2418 609 2444 Mart.
630 2418 683 2451 28).
1254 2417 1360 2443 litteras
1386 2425 1434 2451 pro
1459 2418 1612 2443 cassatione
1636 2419 1780 2451 cujusdam
1806 2420 1942 2453 pensionis
1967 2428 2049 2453 super
2073 2420 2152 2446 fruct.
2179 2420 2306 2446 ecclesiae

555 2463 682 2489 vasaten.
1255 2461 1372 2487 Vauren.
1398 2461 1434 2487 ab
1459 2461 1579 2487 Hectore
1593 2462 1628 2488 de
1644 2463 1782 2489 Borbonio
1805 2472 1864 2497 aep.
1882 2464 2007 2489 Tolosan.
2025 2467 2053 2490 et
2068 2464 2169 2490 admin.
2187 2464 2304 2490 Vauren.

160 2505 182 2538 ι)
201 2505 273 2540 Mag.
293 2506 376 2532 theol.
1201 2501 1203 2512 ¹
1255 2505 1412 2536 solvendae,
1443 2514 1491 2539 per
1512 2506 1560 2531 has
1581 2509 1675 2532 autem
1696 2515 1746 2540 pro
1766 2507 1975 2533 confirmatione
2005 2508 2075 2534 illius
2105 2509 2241 2542 pensionis
2270 2509 2305 2534 ab

158 2549 180 2583 ²)
200 2550 353 2576 Reservata
371 2551 396 2577 ei
415 2558 508 2577 annua
527 2558 601 2584 pens.
622 2551 674 2577 300
692 2550 754 2576 due.
1255 2549 1351 2575 eodem
1375 2549 1494 2575 Hectore
1518 2558 1587 2584 mag.
1613 2551 1753 2577 Ludovico
1768 2551 1891 2582 Dortille,
1908 2553 1980 2585 regio
1995 2552 2155 2583 consiliario,
2179 2553 2227 2586 qui
2241 2552 2304 2578 olim

547 2595 692 2622 Vnionen,
1255 2601 1318 2618 cum
1342 2593 1483 2627 praedicto
1507 2594 1626 2620 Hectore
1641 2603 1723 2629 super
1736 2596 1848 2621 ecclesia
1862 2596 1980 2622 Vauren.
1998 2596 2133 2630 litigabat,
2150 2596 2303 2622 solvendae.

46 2671 48 2675 Ι
127 2638 129 2640 “
161 2638 183 2671 1)
202 2638 281 2665 Decr.
310 2638 417 2670 doctor,
445 2638 577 2665 referend.
609 2639 635 2665 S.
665 2639 705 2669 P..
734 2638 846 2664 abbrev.
876 2638 929 2664 litt.
959 2641 1062 2671 apost.;
1099 2638 1146 2663 cfr.
1255 2637 1301 2663 AC
1320 2637 1430 2663 Miscell.
1451 2638 1551 2668 XLIV,
1571 2639 1612 2664 22.

47 2685 53 2713 T
90 2681 316 2717 Carpentoraten.
337 2686 395 2709 not.
415 2683 440 2709 3.
1326 2681 1347 2713 ²)
1371 2681 1424 2712 Qui
1447 2682 1596 2715 resignavit
1617 2683 1670 2716 jus,
1694 2683 1768 2717 quod
1792 2683 1913 2710 habebat
1936 2693 1969 2710 ex
1993 2684 2123 2710 electione
2146 2685 2174 2710 in
2196 2693 2303 2718 aepum.

160 2727 183 2759 ²)
202 2727 234 2753 Ο.
255 2735 276 2753 s.
296 2726 328 2752 A.
349 2727 434 2753 dioec.
455 2727 577 2753 Narbon.
1256 2725 1381 2751 Tolosan.
1401 2725 1435 2751 de
1453 2734 1481 2751 se
1499 2726 1563 2751 olim
1582 2726 1665 2758 facta,
1684 2730 1712 2753 et
1731 2736 1802 2753 mon.
1822 2736 1842 2753 s.
1863 2728 1965 2753 Mariae
1983 2728 2017 2754 de
2034 2728 2202 2754 Monteolivo
2219 2728 2303 2754 dioec.

42 2788 58 2807 =.'
160 2771 183 2803 ⁸)
202 2770 382 2797 Desideratur
400 2771 475 2805 apud
492 2771 573 2797 Gams
592 2780 618 2805 p.
639 2772 698 2798 647.
1202 2788 1203 2807 1
1256 2769 1423 2800 Caroasson„
1443 2770 1517 2803 quod
1537 2770 1657 2797 habebat
1676 2771 1703 2797 in
1722 2780 1835 2803 comm.;
1853 2772 1922 2799 obiit
1941 2773 2016 2799 1514.

46 2831 48 2835 ι
160 2814 182 2847 ¹)
203 2815 314 2840 Reserv.
335 2815 359 2840 ei
378 2823 472 2841 annua
490 2823 565 2849 pens.
586 2816 638 2842 250
656 2815 684 2841 fl.
705 2816 772 2841 auri.
1202 2810 1203 2818 ¹

106 2858 110 2861 ”
569 2860 686 2887 vam-en.
1727 2843 1835 2872 nmen·

55 2933 57 2936 Α
162 2902 184 2935 ¹)
203 2902 238 2928 In
259 2903 421 2929 consistorio
442 2902 486 2929 die
509 2904 525 2929 9
548 2903 612 2930 Jan.
638 2904 706 2929 1499
728 2903 824 2929 habito
846 2903 932 2928 lectae
954 2905 1019 2928 sunt
1042 2902 1149 2927 litterae
1328 2902 1348 2933 ¹)
1369 2902 1515 2936 „Capitulo
1540 2903 1623 2936 ipsius
1648 2904 1711 2929 eccl.
1737 2907 1766 2930 et
1791 2904 1894 2930 <Ioanni
1918 2905 1952 2930 de
1978 2905 2185 2939 Frayapanibus
2211 2906 2304 2938 (Fran-

93 2948 154 2977 wm
169 2946 312 2972 Philiberti
326 2946 404 2972 ducis
420 2947 575 2973 Sabaudiae
589 2956 621 2973 611
637 2948 757 2973 Taurino
775 2949 804 2975 17
820 2947 884 2972 Dec.
904 2947 970 2972 1498
984 2949 1045 2972 tum
1060 2946 1149 2972 Ludo·
1203 2945 1205 2960 ¹
1257 2946 1360 2980 gipani)
1380 2946 1450 2972 illius
1470 2947 1625 2980 provinciae
1643 2948 1737 2974 comiti
1754 2951 1849 2981 gratus
1868 2952 1896 2975 et
1915 2949 2071 2983 aooeptusf‘
