2436 3328
0 420 6 442 1
30 400 170 432 Amulan.
191 399 280 438 Apul.

30 453 174 486 Assaven.

0 578 8 612 g

0 658 3 662 ,
29 630 48 649 ⁶
60 630 164 660 Asten.

32 718 50 737 ¹⁸
62 717 226 748 Astoricen.

31 983 50 1002 ²⁸
61 982 221 1012 Athenien.

34 1467 54 1488 ¹⁸¹
65 1467 239 1498 Atrebaten.

0 1810 2 1813 “
34 1818 199 1859 Augnsoen.
221 1820 309 1850 vind.

35 2084 53 2104 *
65 2084 229 2123 Augusten.
252 2084 372 2114 Pedem.

36 2173 54 2192 ¹*
65 2172 238 2202 Aurasicen.

3 2235 10 2256 =1
35 2217 54 2236 *
65 2216 253 2246 Aurelianen.

0 2263 9 2275 ι

35 2609 59 2632 *’
64 2612 185 2642 Aurien.

36 2842 54 2861 *
66 2841 315 2872 Autissiodoren.⁴

898 210 949 245 ad.
971 210 1075 244 Hier.
1099 209 1203 244 cath.
1226 210 1302 245 vol.
1324 209 1365 243 1².

374 311 446 340 1317
464 310 535 339 Maii
552 311 588 339 26
606 311 677 346 (11011
696 310 767 339 Jun.
786 311 844 347 25),
861 309 922 339 scil.
939 309 999 339 VII
1016 309 1085 339 Kal.

375 354 459 384 Junii
482 356 553 391 (non
577 354 671 390 ι111111).
828 383 831 386 Δ

374 422 380 428 .
394 422 400 428 .
420 409 502 437 epus.
520 408 581 427 000.
600 399 672 428 1237
690 398 756 428 Oct.
775 399 811 427 13
827 397 908 435 (Gre.
926 398 972 426 IX
988 399 1085 434 3893).

375 451 401 481 A
413 451 433 481 b
445 462 459 480 r
471 461 489 480 a
500 451 521 481 h
533 462 551 480 a
563 462 593 480 m
614 461 674 480 occ.
698 452 771 481 1226
792 451 863 489 Apr.
885 452 902 480 9
924 450 1015 487 (Hon.
1039 450 1086 479 III

374 497 447 526 5907
451 497 476 533 );
510 496 537 524 A
549 506 569 524 n
581 495 591 524 i
602 506 620 524 a
632 505 652 524 n
664 505 684 524 ιι
696 505 710 524 s
744 495 886 532 (decanus
919 495 1086 531 Assaven.),

374 540 510 569 confirm.
530 539 568 569 ab
586 550 670 578 aepo.
690 539 831 568 Cantuar.
853 540 926 568 1248
945 538 1030 568 Febr.
1051 540 1088 567 20

376 585 454 621 (Iun.
477 584 520 613 IV
541 586 638 620 3669).

377 628 402 657 Β
415 639 432 658 o
444 638 464 657 n
476 628 486 657 i
498 628 510 657 f
521 639 539 657 a
551 632 565 657 t
576 628 586 657 i
598 639 617 657 u
630 638 643 657 s
673 627 710 656 de
740 627 908 656 Cocconato
938 631 983 655 est
1015 628 1086 657 1247

376 673 465 702 Mart.
478 674 513 703 27
525 675 700 710 procurator
711 675 832 700 tantum
845 671 923 707 (Inn.
937 671 979 699 IV
991 672 1087 707 2487).

377 717 401 746 L
413 727 433 746 u
445 716 486 755 pi
521 717 551 754 (†
585 717 670 752 1205)
706 715 869 750 „simoniae
903 719 933 744 et
966 714 1089 753 perjurii

373 761 495 790 crimine
507 760 636 799 polluti“
648 769 739 788 causa
751 759 899 790 committ.
914 759 1010 788 tribus
1023 759 1089 788 aliis

376 805 469 844 eppis.
494 805 567 834 1204
592 804 660 833 Jan.
686 805 721 833 12
745 804 789 840 (P.
814 804 887 833 2087
910 803 962 832 cfr.
988 805 1088 839 1936);

376 849 400 878 P
413 860 428 878 e
440 853 509 878 tro
538 850 644 887 (prom.
675 849 760 884 1205)
789 847 952 886 resignanti
980 857 1088 876 reserv.

376 903 447 922 usus
473 892 581 931 pontif.
611 896 641 921 et
668 902 798 930 congrua
826 891 942 930 pensio;
983 891 1013 920 H
1025 902 1040 920 e
1052 902 1066 920 r
1079 908 1089 912 -

377 948 406 966 m
418 947 437 966 a
448 947 468 966 n
480 947 500 966 n
512 947 532 965 u
544 947 558 965 s
580 936 755 975 patiebatur
774 935 833 965 def.
855 940 918 965 nat.

376 981 444 1010 huic
460 981 528 1010 eccl.
545 982 618 1010 1223
631 980 712 1019 Sept.
731 981 766 1009 18
781 980 868 1019 plura
884 980 947 1009 loca
963 990 981 1009 a
994 979 1090 1018 Nigri-

376 1029 498 1064 ponten.
523 1025 628 1054 avulsa
651 1024 773 1063 adjung.
799 1024 890 1061 (Hon.
915 1024 964 1053 III
987 1025 1088 1060 4502);

377 1069 402 1098 Β
414 1080 430 1098 e
442 1079 456 1098 1
467 1079 485 1098 a
497 1079 511 1098 r
523 1069 543 1098 d
555 1079 575 1098 u
587 1079 600 1098 s
625 1069 682 1098 sub
697 1068 726 1098 b.
742 1068 823 1097 Petri
838 1072 964 1107 protect.
981 1068 1088 1106 suscip.

378 1114 451 1142 1208
471 1113 532 1142 Jul.
554 1114 591 1142 10
609 1117 640 1142 et
659 1114 732 1142 1209
754 1113 823 1142 Jan.
844 1114 881 1142 23
901 1113 945 1150 (P.
965 1114 1041 1142 3453
1059 1116 1090 1141 et

375 1159 476 1194 3623);
518 1181 543 1186 ..
562 1167 654 1195 aepus
678 1167 738 1186 000.
765 1158 839 1186 1236
862 1157 938 1195 Aug.
964 1159 989 1191 6,
1016 1157 1090 1186 1238

378 1202 447 1231 Jan.
478 1203 521 1236 18,
552 1202 625 1231 1239
655 1201 725 1230 Jan.
755 1202 791 1230 23
820 1201 900 1237 (Gre.
930 1201 977 1230 IX
1004 1202 1088 1235 3263,

375 1247 460 1280 4035,
476 1247 563 1282 4711)
579 1250 610 1275 et
626 1247 699 1275 1244
714 1245 786 1274 Maii
800 1247 839 1274 30
853 1245 932 1282 (11111.
949 1245 991 1274 IV
1007 1247 1088 1280 707);

378 1289 404 1319 G
415 1300 436 1319 u
448 1290 457 1319 i
470 1290 477 1319 l
490 1300 505 1319 0
518 1290 527 1319 l
540 1300 569 1319 m
582 1300 602 1319 u
614 1300 627 1319 s
644 1290 681 1318 de
699 1290 799 1318 Rocca
817 1291 890 1326 (non
906 1289 943 1318 de
960 1289 1087 1325 Roceto)

375 1344 439 1364 can.
455 1334 575 1369 Athen.‚
591 1334 621 1363 in
636 1334 741 1363 minor.
757 1337 862 1368 const„
877 1333 963 1372 cujus
977 1333 1087 1372 postul.

375 1388 435 1407 non
457 1378 588 1413 admitt„
613 1378 650 1407 fit
671 1382 848 1417 procurator
870 1382 991 1407 tantum
1015 1378 1089 1407 1268

375 1422 446 1452 Maii
468 1424 495 1458 2,
519 1423 537 1460 †
558 1426 629 1452 ante
650 1424 668 1451 9
691 1422 768 1451 Nov.
793 1423 876 1451 1268.

379 1466 501 1496 Radu
514 1466 604 1496 lfus
634 1466 732 1496 adhuc
763 1467 798 1495 el.
833 1467 906 1495 1204
939 1466 1020 1505 Sept.
1053 1467 1090 1495 23

376 1511 421 1548 (Ρ.
440 1512 541 1548 2285);
571 1511 595 1540 Ρ
607 1521 624 1540 0
636 1521 657 1539 n
669 1514 683 1540 t
694 1511 704 1540 i
716 1521 736 1540 u
748 1521 762 1540 s
779 1514 844 1540 erat
860 1510 955 1540 adiac.
974 1510 1088 1545 Atreb.‚

375 1556 410 1584 el.
436 1556 507 1584 1221
534 1555 605 1584 Maii
628 1556 663 1585 27
689 1555 781 1592 (Hon.
806 1555 855 1584 III
878 1556 979 1592 3401);
1017 1554 1089 1583 Ja-

374 1610 390 1628 c
403 1610 421 1628 o
433 1599 452 1628 b
465 1610 485 1628 u
497 1610 510 1628 s
525 1601 623 1637 (1247)
637 1603 702 1628 erat
714 1609 779 1629 can.
793 1599 939 1628 Nivellen.
954 1599 1033 1636 (Inn.
1048 1598 1090 1627 IV

375 1645 450 1674 3525
479 1643 518 1672 ad
547 1645 565 1673 4
596 1644 665 1673 Jan.
697 1645 797 1680 1248);
841 1643 1090 1672 Guilelmus

375 1698 459 1726 prov.
482 1689 556 1717 1282
577 1688 649 1717 Jun.
670 1689 687 1717 9
707 1688 744 1717 al.
767 1689 802 1717 15
823 1688 923 1725 (Mart.
946 1687 988 1716 IV
1009 1689 1089 1724 158);

376 1731 401 1761 Β
414 1743 429 1761 0
441 1743 456 1761 1
467 1742 487 1761 11
499 1742 517 1761 a
529 1742 544 1761 1
555 1732 575 1762 (1
587 1742 607 1761 u
619 1743 633 1761 s
650 1732 808 1770 (Royardi)
825 1736 889 1761 erat
904 1742 969 1761 can.
986 1731 1089 1766 Paris„

376 1776 394 1814 †
414 1786 441 1806 a.
463 1786 486 1806 s.
508 1786 535 1806 a.

380 1819 453 1850 811)
466 1824 539 1850 oto
568 1822 645 1858 (can.
675 1821 762 1859 Aug„
792 1820 927 1850 confirm.
957 1820 996 1849 ab
1025 1830 1089 1858 aep.

378 1864 559 1904 Maguntin.)
583 1864 701 1903 ejicitur
723 1875 741 1894 a
762 1864 831 1894 sede
853 1875 906 1903 per
927 1863 1092 1894 Henricum

378 1908 475 1938 filium
492 1908 572 1938 Frid.
591 1909 623 1938 II
640 1909 745 1948 imper.
766 1910 839 1938 1228
856 1919 895 1938 m.
914 1909 990 1947 Aug.
1010 1908 1090 1945 (Gre.

379 1952 426 1982 IX
457 1954 559 1990 6123);
607 1953 644 1982 de
675 1952 740 1992 ejus
771 1953 876 1992 resign.
909 1957 940 1982 et
971 1952 1091 1982 substit.

379 1996 410 2026 H
421 2007 440 2026 a
450 2007 466 2026 ι·
477 2001 491 2026 t
503 2007 534 2027 m
546 2007 564 2026 a
575 2007 596 2026 n
607 2007 628 2026 ιι
640 1997 649 2026 1
695 1997 794 2036 agitur
833 1997 925 2026 etiam
967 1997 998 2026 in
1033 1997 1091 2026 litt.

379 2040 438 2070 Inn
460 2041 504 2070 IV
526 2042 624 2078 (3265)
649 2042 721 2072 1247
747 2041 829 2080 Sept.
853 2043 887 2071 27
911 2041 999 2070 datis.

386 2085 410 2114 P
422 2095 437 2114 e
449 2088 463 2114 t
474 2095 489 2114 r
500 2095 521 2114 u
532 2095 546 2114 s
554 2085 591 2114 de
600 2085 684 2124 Boga
694 2085 786 2124 (prior
795 2085 864 2115 eccl.
875 2085 1091 2122 Tarentasien.)

382 2139 466 2167 prov.
490 2129 563 2158 1246
586 2129 657 2159 Jun.
679 2131 706 2159 9.

387 2196 412 2202 ..
430 2183 513 2212 epus.
537 2173 662 2202 interest
685 2173 809 2203 concilio
832 2173 884 2203 IV.
909 2173 1047 2203 Lateran.

379 2227 477 2246 accus.
495 2221 610 2246 contra.
631 2217 658 2246 G
669 2228 689 2246 u
702 2217 712 2246 i
724 2217 761 2247 le
774 2217 782 2246 l
794 2228 825 2247 m
837 2227 857 2246 u
871 2228 900 2247 m
917 2218 1013 2247 factas
1029 2218 1093 2246 nul-

377 2261 433 2290 lius
442 2271 504 2290 esse
517 2261 626 2291 valoris
637 2261 772 2291 declarat
786 2261 852 2291 Gre.
864 2262 911 2291 IX
921 2262 965 2299 (P.
976 2263 1012 2291 26
1025 2263 1092 2298 283)

377 2307 451 2335 1238
466 2306 538 2335 Jun.
552 2307 602 2341 25;
621 2306 644 2335 Ρ
656 2316 672 2335 0
684 2309 698 2334 t
710 2316 724 2335 r
736 2316 756 2335 ιι
768 2316 782 2335 s
798 2305 836 2335 de
848 2306 975 2344 Mornay
986 2316 1004 2335 a
1017 2306 1092 2335 Phil.

378 2360 445 2388 rege
463 2350 606 2379 Franciae
625 2349 703 2379 mitt.
723 2349 762 2379 ad
780 2349 808 2379 S.
823 2350 856 2379 P.
877 2351 949 2380 1295
967 2350 987 2379 J
989 2360 1039 2379 un.
1057 2351 1094 2379 20

379 2394 423 2431 (Ρ.
441 2395 573 2431 24105);
602 2393 884 2423 Bertrandus
900 2394 936 2424 de
955 2394 983 2424 S.
1002 2394 1093 2423 Denis

377 2438 437 2476 (vel
472 2438 573 2477 potius
610 2438 780 2467 Bertaudus
813 2438 850 2467 de
878 2449 900 2468 s.
936 2439 1092 2477 Dionysio)

376 2492 456 2512 cons.
485 2484 560 2512 1300
578 2482 648 2511 Maii
666 2485 681 2512 7
706 2482 793 2519 (Βοιι.
812 2482 888 2511 VIII
905 2485 1006 2519 3567);
1034 2483 1093 2512 Ra-

377 2526 478 2556 dulfus
497 2526 547 2556 Gr.
564 2526 626 2565 jam
643 2527 720 2556 conf.
740 2528 822 2561 1307,
840 2526 891 2555 sed
904 2527 994 2556 nond.
1012 2537 1091 2557 cons.

379 2571 452 2600 1308
479 2571 565 2600 Febr.
593 2573 610 2600 9
638 2571 708 2608 (Cle.
737 2571 763 2599 V
790 2572 865 2600 2383
891 2575 921 2600 et
941 2573 1038 2608 3078).

377 2615 401 2644 Ρ
413 2625 429 2644 0
441 2619 455 2644 t
467 2625 481 2644 r
493 2625 513 2644 u
525 2626 538 2644 s
551 2615 684 2650 Yannez,
699 2615 797 2644 adhuc
810 2615 845 2644 el.
862 2616 935 2644 1286
950 2615 1031 2654 Sept.
1046 2617 1091 2651 26,

377 2658 489 2688 citatur
525 2659 564 2688 ad
601 2659 720 2689 Curiam
758 2663 881 2698 propter
916 2659 1092 2697 gravamina

378 2702 521 2732 fratribus
550 2703 621 2733 Min.
652 2703 737 2732 illata
769 2705 841 2733 1289
872 2704 947 2742 Aug.
979 2705 1014 2734 27
1046 2704 1090 2740 (Ρ.

378 2748 415 2776 23
425 2749 504 2784 054),
518 2748 536 2785 †
547 2752 616 2786 post
629 2749 664 2777 15
676 2748 765 2777 Mart.
781 2749 854 2777 1308
867 2748 937 2785 (Cle.
952 2748 977 2777 V
990 2749 1090 2785 2593);

379 2791 432 2820 cfr.
454 2796 517 2821 not.
540 2793 557 2821 4
578 2791 617 2821 ad
638 2792 737 2821 Arien.

380 2843 411 2872 H
422 2854 442 2873 u
453 2854 472 2882 g
484 2855 502 2873 0
513 2854 533 2873 n
545 2844 580 2874 is
605 2845 635 2882 (†
661 2846 746 2882 1206)
772 2845 876 2874 electio
901 2845 1022 2874 remissa
1047 2850 1093 2874 est

378 2887 417 2916 ad
430 2898 548 2927 aepum.
565 2888 711 2918 Senonen.
725 2890 799 2918 1200
809 2889 885 2918 Nov.
900 2891 918 2918 8
932 2890 976 2926 (P.
991 2891 1090 2927 1137);

382 2931 510 2961 Guile
523 2933 531 2961 l
544 2943 574 2962 m
586 2943 603 2962 0
623 2933 661 2962 ad
683 2933 824 2962 Parisien.
846 2934 992 2962 translato
1013 2944 1091 2962 com-

382 2975 460 3005 mitt.
491 2976 603 3006 admin.
633 2977 702 3006 eccl.
733 2977 845 3006 Autiss.
878 2979 953 3006 1220
983 2978 1001 3006 J
1005 2978 1043 3007 ul.
1077 2979 1089 3006 1

1197 715 1356 744 Auximan.

1198 1068 1214 1086 *
1228 1068 1370 1098 Auxitan.

1198 1421 1361 1451 Avell'men.

1199 1599 1360 1628 Avelonen.

1200 1687 1216 1705 *
1229 1688 1372 1717 Aversan.

1202 1908 1218 1926 *
1231 1908 1408 1938 Avinionen.

1202 2263 1218 2282 *
1232 2262 1372 2301 Bajocen.

1201 2484 1218 2502 *
1232 2482 1286 2521 Baj
1291 2494 1375 2513 011011.

1202 2572 1218 2590 *
1232 2571 1451 2610 Balneoregien.

1201 2713 1217 2731 *
1231 2713 1424 2751 Bambergen.

2187 210 2248 242 XV

1537 308 1628 345 (Hon.
1652 308 1700 336 III
1721 309 1822 345 2518);
1856 308 1880 337 Β
1893 319 1908 337 0
1921 319 1934 337 1
1946 318 1966 337 11
1978 319 1995 337 a
2007 319 2022 337 r
2033 308 2053 337 d
2065 319 2085 337 u
2097 319 2110 338 s
2123 332 2130 344 ‚
2162 308 2248 348 cujus

1536 352 1642 390 resign.
1660 352 1726 381 Inn.
1743 352 1786 381 IV
1801 352 1890 391 recipi
1905 352 1991 391 jubet
2019 354 2092 382 1244
2107 353 2195 382 Mart.
2212 354 2248 383 29

1538 398 1609 433 (non
1634 398 1692 432 30),
1719 400 1854 425 remanet
1879 397 1990 426 admin.
2016 397 2128 426 Autiss.
2154 408 2248 436 usque

1537 440 1575 469 ad
1594 440 1728 470 confirm.
1748 441 1932 476 successoris,
1952 445 2110 480 exemptus
2127 452 2145 470 a
2163 441 2248 480 juris-

1537 484 1608 514 dict.
1620 489 1746 523 metrop.
1759 486 1832 514 1244
1842 485 1930 514 Mart.
1942 487 1979 514 30
1989 486 2067 522 (Iun.
2079 486 2122 514 IV
2131 487 2189 515 580
2197 488 2248 522 s.);

1538 529 1561 558 P
1574 539 1589 558 0
1602 534 1615 558 t
1627 539 1641 557 r
1653 539 1672 558 u
1685 539 1699 558 s
1713 529 1750 558 de
1768 529 1922 558 Gressibus
1939 529 2048 566 (Grez),
2066 540 2148 568 prOV.
2165 540 2248 568 prae-

1538 573 1587 602 via
1620 577 1727 602 cassat.
1762 573 1921 608 electionis,
1957 578 2021 602 erat
2053 574 2185 603 subdiac.
2219 578 2249 603 et

1538 617 1657 646 obtinet
1678 619 1750 646 1308
1772 618 1831 646 Jul.
1854 619 1890 647 23
1910 618 1965 647 fac.
1987 618 2074 656 recip.
2095 618 2167 648 alios
2186 618 2247 648 ord.

1539 666 1569 691 et
1593 671 1721 691 consecr.
1747 672 1764 690 a
1788 672 1873 700 quoe.
1900 662 1970 699 (Cle.
1996 663 2021 691 V
2045 664 2117 692 2927
2142 665 2187 699 s.).

1541 714 1624 744 sedes
1649 719 1713 744 erat
1736 725 1893 753 suppressa
1918 720 1982 744 tum
2007 726 2024 744 a
2048 717 2065 744 4
2091 716 2151 745 Jul.
2178 717 2251 745 1240

1540 769 1633 797 usque
1655 759 1693 787 ad
1716 760 1751 787 28
1774 759 1861 788 Febr.
1886 761 1959 788 1264
1981 763 2046 788 tum
2068 760 2106 789 ab
2127 770 2153 789 a.
2179 761 2252 789 1320

1539 803 1578 831 ad
1608 803 1723 841 longius
1752 807 1871 842 tempus
1901 804 1962 840 (Jo.
1995 804 2090 832 XXII
2121 805 2156 833 12
2169 806 2250 841 645);

1541 847 1597 884 (8.)
1610 847 1635 876 Β
1648 858 1663 876 0
1675 858 1694 876 n
1708 858 1726 876 v
1739 858 1754 876 e
1766 858 1785 876 ιι
1798 858 1817 876 ιι
1830 852 1843 876 t
1856 858 1874 876 u
1887 858 1900 876 s
1920 858 2003 886 prov.
2031 849 2103 877 1264
2115 849 2202 877 Mart.
2216 850 2252 878 13

1542 892 1590 928 (al.
1603 891 1688 920 Febr.
1710 893 1755 926 28,
1767 902 1835 930 ergo
1846 902 1905 920 non
1919 892 1966 920 III
1981 892 2035 926 Id.,
2052 892 2103 921 sed
2121 893 2169 921 III
2182 893 2250 922 Kal.

1541 935 1650 971 Martii,
1668 936 1719 965 cfr.
1734 936 1766 965 P.
1786 937 1821 965 18
1833 937 1914 972 811);
1944 936 1968 964 Β
1981 947 1996 965 0
2009 947 2022 965 r
2034 947 2051 965 a
2063 947 2077 965 r
2088 937 2108 965 d
2120 947 2140 966 u
2151 947 2165 965 s
2188 937 2250 966 obt.

1541 980 1597 1009 fac.
1627 990 1665 1015 „a
1691 981 1796 1019 quoc“.
1826 982 1900 1009 1320
1924 981 1994 1009 Maii
2021 982 2034 1010 l
2062 985 2092 1010 et
2117 981 2194 1010 Νον.
2216 982 2254 1010 20

1543 1024 1604 1060 (Jo.
1625 1024 1720 1053 XXII
1744 1026 1776 1053 11
1791 1026 1846 1054 358
1867 1028 1897 1053 et
1920 1026 1954 1053 12
1967 1026 2044 1061 615).

1544 1068 1568 1096 B
1581 1079 1596 1097 0
1609 1079 1623 1097 1
1635 1079 1654 1097 n
1666 1079 1684 1097 a
1696 1079 1710 1097 r
1721 1068 1741 1097 d
1753 1079 1771 1097 o
1790 1070 1887 1105 (1201)
1907 1069 2011 1098 morbo
2029 1069 2142 1098 caduco
2160 1069 2251 1098 labor.

1544 1112 1610 1142 Iun.
1638 1113 1686 1141 III
1714 1114 1787 1142 1204
1813 1113 1900 1142 Mart.
1929 1114 1964 1142 13
1989 1113 2084 1152 coadj.
2112 1113 2253 1152 assignari

1542 1156 1629 1195 jubet
1646 1157 1692 1193 (P.
1710 1158 1811 1194 2152);
1839 1157 1865 1186 A
1878 1168 1907 1186 m
1920 1168 1937 1186 a
1950 1167 1970 1186 n
1982 1168 1997 1186 e
2009 1168 2029 1186 v
2041 1168 2060 1186 u
2072 1168 2086 1186 s
2102 1167 2161 1187 000.
2181 1159 2254 1187 1226

1543 1201 1613 1229 Maii
1634 1202 1670 1230 23
1692 1201 1783 1238 (Hon.
1805 1201 1853 1230 ΙΙΙ
1873 1203 1960 1238 5952)
1981 1206 2012 1230 et
2033 1203 2107 1231 1230
2125 1202 2196 1240 Apr.
2217 1203 2255 1231 20

1544 1244 1624 1281 (Gre.
1647 1245 1693 1274 IX
1714 1247 1794 1282 753);
1816 1245 1853 1274 R.
1874 1245 1911 1274 de
1931 1246 2066 1275 Massanc
2086 1246 2194 1284 postul.
2215 1246 2255 1275 ab

1543 1299 1607 1327 epo.
1620 1289 1757 1318 Tarvien.
1768 1300 1820 1328 per
1828 1290 1918 1328 capit.
1930 1290 2008 1319 AuX.
2018 1290 2057 1319 ad
2066 1290 2096 1319 id
2104 1290 2253 1328 delegato;

1542 1333 1568 1362 A
1581 1344 1595 1362 r
1607 1344 1627 1362 n
1641 1333 1711 1362 ald
1724 1344 1743 1362 u
1755 1344 1769 1362 s
1786 1335 1883 1370 (1357)
1900 1333 1982 1372 jurat
1998 1338 2033 1363 ut
2048 1344 2155 1364 camer.
2175 1334 2203 1363 8.
2220 1334 2253 1363 P.

1543 1378 1613 1407 1361
1644 1378 1732 1407 Mart.
1760 1379 1795 1407 16
1821 1378 1952 1415 (Collect.
1979 1379 2055 1415 456).

1546 1445 1552 1451 .
1565 1445 1571 1451 .
1600 1432 1673 1460 epus
1689 1432 1749 1451 000.
1768 1423 1843 1451 1220
1859 1422 1920 1452 Jul.
1938 1423 1956 1451 4
1978 1422 2069 1459 (Hon.
2088 1422 2136 1452 III
2153 1423 2254 1459 2527);

1546 1466 1565 1495 J
1578 1476 1595 1495 ο
1607 1476 1625 1494 a
1637 1476 1657 1494 n
1669 1476 1689 1495 n
1701 1477 1717 1495 e
1729 1477 1743 1495 s
1756 1490 1762 1501 ,
1801 1467 1851 1505 qui
1877 1477 1931 1496 res.
1960 1467 2033 1496 1286
2060 1468 2132 1504 (non
2158 1468 2253 1504 1268),

1544 1510 1690 1539 concessit
1703 1512 1775 1540 1282
1789 1510 1934 1549 quasdam
1946 1510 2073 1550 indulg.;
2086 1511 2112 1540 ei
2123 1510 2255 1540 succedit

1545 1555 1618 1585 1287
1641 1556 1713 1592 (11011
1736 1556 1820 1592 1267)
1842 1556 1866 1584 L
1879 1566 1894 1584 0
1906 1565 1924 1584 0
1936 1565 1956 1583 11
1968 1565 1985 1584 a
1997 1565 2011 1584 r
2023 1555 2042 1584 d
2054 1565 2075 1584 u
2086 1566 2108 1584 s.

1549 1622 1555 1628 .
1568 1622 1574 1628 .
1592 1609 1675 1638 epus.
1696 1599 1846 1629 Avelelen.
1868 1599 2042 1637 (Avelonen.
2055 1600 2079 1637 ἓ)
2100 1609 2160 1629 000.
2182 1600 2256 1629 1210

1543 1643 1631 1672 Mart.
1656 1644 1669 1672 1
1695 1644 1739 1680 (P.
1766 1645 1841 1673 3934
1866 1648 1897 1672 et
1921 1645 2018 1680 3970).

1546 1687 1712 1716 Fridericus
1728 1688 1768 1717 II.
1786 1687 1889 1726 imper.
1907 1689 1978 1717 1221
1996 1688 2072 1726 Aug.
2089 1688 2123 1717 21
2140 1688 2254 1726 redarg.

1543 1731 1582 1760 ab
1604 1732 1683 1761 Hon.
1707 1732 1754 1761 III
1776 1733 1885 1769 (3519),
1907 1732 1987 1771 quod
2008 1732 2144 1761 electioni
2165 1732 2254 1770 (Ba-

1543 1775 1690 1805 sinthi
1711 1777 1735 1813 ἓ)
1751 1787 1796 1814 ep.
1812 1777 1868 1805 Av.
1884 1776 2103 1811 seimmiscuit;
2122 1776 2254 1805 Joan-

1543 1830 1590 1848 ne
1603 1830 1617 1849 s
1638 1820 1742 1849 Lamb.
1765 1820 1876 1859 recepit
1897 1820 1959 1850 ord.
1982 1820 2052 1859 maj.
2075 1824 2106 1849 et
2125 1830 2253 1850 consecr.

1544 1864 1582 1892 ab
1604 1864 1684 1894 Hon.
1708 1865 1765 1893 III.

1545 1908 1597 1937 011.
1617 1908 1683 1938 Gre.
1702 1909 1748 1937 IX
1765 1910 1838 1938 1024
1854 1909 1892 1937 ad
1907 1910 1925 1938 8
1943 1909 2011 1938 Jan.
2030 1910 2117 1943 1233;
2145 1909 2255 1938 Zoen

1545 1956 1610 1981 erat
1628 1953 1743 1991 apresb.
1764 1953 1927 1982 Bononien.
1948 1957 1979 1982 et
1997 1953 2179 1991 vicesgerens
2197 1953 2253 1991 epi.

1524 2006 1526 2008 ’
1545 1997 1728 2026 Praenestin.
1744 1997 1833 2035 legati
1845 1997 1876 2026 in
1890 1997 2015 2026 Francia
2030 1998 2101 2026 1241
2116 1997 2204 2026 Mart.
2219 1998 2252 2026 11

1546 2040 1625 2077 (Gre.
1653 2041 1699 2070 IX
1724 2042 1821 2078 5410),
1847 2041 1945 2070 adhuc
1969 2041 2004 2070 el.
2032 2042 2105 2070 1243
2131 2041 2211 2080 Sept.
2237 2043 2254 2070 4

1544 2085 1622 2122 (11111.
1642 2085 1684 2114 IV
1702 2086 1757 2114 100
1776 2086 1827 2114 011.
1850 2086 1908 2122 24),
1932 2086 2005 2114 1244
2026 2086 2113 2114 Mart.
2135 2086 2169 2114 31
2191 2085 2253 2124 jam

1544 2139 1623 2158 cons.
1641 2130 1670 2166 (l.
1688 2140 1712 2159 c.
1729 2131 1806 2167 593),
1826 2131 1898 2159 1245
1914 2130 2001 2158 Mart.
2020 2132 2036 2158 6
2052 2134 2083 2158 et
2097 2131 2115 2158 8
2131 2129 2254 2158 nuntius

1544 2178 1640 2211 apost.
1664 2174 1693 2210 (l.
1715 2183 1739 2203 c.
1763 2175 1836 2203 1084
1856 2179 1887 2202 et
1908 2175 2008 2211 1107);
2029 2173 2066 2202 de
2087 2173 2255 2203 Bertraudo

1548 2218 1646 2255 (1264)
1671 2218 1723 2247 cfr.
1747 2218 1780 2247 P.
1804 2219 1897 2247 20065
1922 2228 1959 2246 ss.

1546 2262 1766 2291 Henricus
1795 2263 1813 2299 †
1840 2266 1911 2291 ante
1940 2263 1976 2291 22
2005 2262 2075 2300 Apr.
2107 2263 2179 2291 1205
2209 2262 2254 2299 (P.

1545 2307 1645 2343 2472);
1664 2306 1708 2335 W.
1725 2317 1806 2345 epus.
1824 2305 1900 2345 Baj.,
1919 2306 1970 2345 qui
1985 2316 2011 2335 a.
2030 2307 2103 2335 1224
2118 2306 2253 2341 occurrit,

1544 2350 1623 2379 idem
1637 2355 1682 2379 est
1696 2354 1788 2389 atque
1802 2350 1849 2379 ille
1864 2350 1900 2379 W
1912 2350 1921 2379 i
1934 2350 1942 2379 l
1956 2350 1963 2379 l
1977 2361 1992 2379 e
2006 2350 2015 2379 l
2027 2361 2057 2379 m
2070 2360 2089 2379 u
2101 2360 2114 2378 s
2128 2350 2165 2379 de
2179 2350 2254 2379 Tan-

1543 2394 1678 2430 karvilla,
1692 2394 1778 2433 cujus
1791 2394 1896 2423 electio
1909 2394 1940 2423 in
1953 2394 2025 2423 disc.
2040 2404 2108 2423 cum
2122 2394 2255 2423 Roberto

1543 2439 1573 2476 (a
1598 2438 1626 2468 8.
1651 2439 1683 2468 P.
1707 2439 1898 2477 confirmato)
1922 2438 2002 2467 facta
2025 2442 2078 2467 est.

1544 2483 1627 2512 Arn
1641 2483 1768 2512 aldus
1793 2483 1811 2520 †
1827 2487 1895 2521 post
1911 2484 1929 2512 4
1946 2483 2033 2512 Mart.
2055 2483 2128 2511 1308
2145 2482 2214 2520 (Cle.
2229 2482 2254 2511 V

1544 2571 1621 2600 inter
1660 2571 1863 2610 Borgondium
1901 2575 1932 2600 et
1971 2570 2129 2599 Rusticum
2166 2570 2252 2600 inser.

1544 2617 1710 2650 uunaldus,
1732 2615 1782 2654 qui
1803 2626 1862 2644 000.
1886 2616 1960 2644 1220
1981 2614 2051 2643 Maii
2074 2616 2110 2644 10
2129 2618 2160 2643 et
2181 2616 2251 2644 1221

1544 2659 1630 2689 Febr.
1654 2661 1688 2689 17
1711 2660 1802 2697 (Ηοιι.
1826 2659 1874 2688 III
1895 2660 1970 2688 2426
1991 2662 2021 2687 et
2042 2660 2137 2696 3102).

1543 2713 1568 2741 Ε
1578 2723 1594 2741 0
1605 2713 1624 2741 k
1635 2723 1649 2741 e
1661 2712 1679 2741 b
1690 2723 1705 2741 e
1716 2723 1730 2741 r
1741 2716 1754 2741 t
1764 2723 1781 2741 o
1793 2736 1799 2747 ‚
1822 2715 1857 2741 ut
1872 2722 1890 2741 a
1906 2711 2098 2750 suspensione
2114 2711 2254 2741 liberetur

1543 2761 1573 2786 et
1588 2767 1681 2795 usque
1697 2756 1735 2785 ad
1751 2757 1862 2785 festum
1877 2767 1900 2785 s.
1917 2756 2015 2784 Lucae
2032 2756 2106 2785 1206
2120 2755 2151 2784 in
2166 2755 2253 2785 Curia

1543 2811 1572 2830 se
1583 2805 1785 2839 repraesentet
1797 2800 1921 2838 pallium
1933 2803 2114 2838 recepturus,
2128 2799 2253 2829 mandat

1543 2845 1608 2874 Inn.
1635 2845 1683 2874 III
1708 2845 1752 2882 (P.
1777 2846 1862 2879 9955,
1894 2844 1945 2873 cfr.
1973 2843 2039 2873 Gre.
2065 2844 2112 2872 IX
2137 2845 2189 2874 167
2214 2844 2252 2873 ad

1543 2891 1579 2918 23
1591 2890 1660 2918 Dec.
1676 2890 1774 2925 1227);
1800 2888 1819 2917 8
1832 2888 1840 2917 1
1852 2898 1870 2926 g
1882 2888 1894 2917 f
1906 2898 1919 2917 1
1931 2888 1940 2917 1
1953 2888 1972 2916 (1
1985 2898 2004 2916 ιι
2016 2898 2030 2916 s
2043 2889 2151 2925 (1237),
2163 2892 2253 2917 antea

1543 2943 1677 2971 praepos.
1715 2944 1736 2962 s.
1776 2932 1914 2970 Gangolfi
1951 2931 2156 2970 Bambergen„
2194 2942 2252 2961 non

1546 2979 1628 3012 1238,
1659 2977 1710 3006 sed
1739 2977 1804 3015 ipso
1833 2987 1860 3005 a.
1893 2977 1964 3006 1237
1996 2976 2101 3005 obiisse
2130 2976 2252 3011 dicitur;
