2436 3328
137 238 140 243 .
167 212 207 249 72
253 265 255 269 ι
791 214 829 249 s.
851 214 894 249 Β.
918 213 964 248 s.
987 212 1259 249 cardinalium
1280 208 1445 247 nomina.
1467 213 1508 246 et
1529 193 1770 255 malamina

164 319 328 351 Casanova
349 318 414 359 (de)
438 333 471 343 =
497 317 638 349 Jacobus
659 318 698 349 de
719 318 830 349 Casan.
854 317 927 357 (IX,
949 318 1001 356 42)

164 372 336 404 Castrensis
360 387 393 397 =
417 370 629 412 Raymundus
650 371 814 402 Mairosius
836 370 875 411 (Ι,
897 371 949 409 38)

164 425 329 457 Challanto
351 424 415 465 (de)
440 439 473 450 =
497 424 656 456 Antonius
676 424 716 455 de
737 423 834 455 Chall.
858 423 897 463 (Ι,
922 424 971 462 18)

164 478 331 510 Clementis
353 479 404 518 (s.)
430 493 462 503 =
486 477 671 508 Dominicus
692 477 732 508 de
753 477 879 508 Ruvere
901 475 987 515 (VII,
1009 477 1061 515 23)

376 556 395 568 „
437 541 463 562 v.
486 530 740 569 Ravennatensis

163 584 338 616 08188811818
362 599 394 609 =
421 583 602 625 Stephanus
623 583 662 614 de
683 583 789 615 Varda
811 582 879 622 (VI,
902 583 933 621 2)

164 638 315 669 Columna
337 637 401 677 (de)
426 651 459 662 =
486 637 626 669 Joannes
647 636 686 667 de
708 636 771 667 Col
795 635 881 675 (VII,
904 636 955 674 28)

353 715 372 728 „
430 705 461 708 -·
430 690 620 731 —Prosper
640 689 679 720 de
701 689 764 720 Col.
789 689 827 728 (I,
851 690 902 727 42)

162 743 337 775 Comitibus
359 743 480 783 (de)—
449 765 480 768 —
506 743 643 774 Lucidus
664 743 703 773 de
725 743 811 773 Com.
835 741 874 780 (I,
897 742 948 780 24)

387 822 405 834 „
462 797 660 828 Ξ,1881111818
681 795 721 826 de
742 795 828 826 Com.
853 794 939 834 (VII,
962 795 1013 834 29)

162 822 408 881 Conciiensis-
377 872 408 875 —
437 850 594 881 Antonius
620 849 688 880 Jac.
715 849 827 879 Veniet
852 847 938 887 (VII,
963 848 994 887 7)

161 903 466 934 constantiensis-
436 917 466 920 -
495 902 671 934 Richardus
695 901 821 932 Oliverii
846 901 915 941 (IV,
938 902 970 940 9)

153 956 327 988 'Comarius
353 971 383 981 ε
409 956 532 986 Marcus
554 956 645 987 Corn.
669 954 741 994 (IX,
764 956 815 993 33)

162 1009 374 1040 Cracoviensis
399 1024 430 1034 z
458 1009 611 1050 Sbigneus
633 1007 788 1040 Olesnicki
812 1007 869 1047 (II,
895 1009 943 1047 13)

161 1063 267 1094 Crucis
289 1064 339 1102 (s.)
376 1077 407 1087 z
434 1062 581 1093 Nicolaus
602 1062 641 1093 de
664 1061 841 1102 Albergatis
863 1061 902 1100 (Ι,
925 1060 977 1100 37)

305 1141 323 1153 ,,
377 1115 571 1156 ——Angelus
591 1115 631 1146 de
653 1114 826 1156 Capranica
849 1114 899 1154 (V,
925 1115 953 1153 l)

203 1193 221 1206 ,‚
305 1194 323 1206 ,‚
376 1191 407 1194 —
376 1168 584 1200 —.Bernard
607 1167 753 1209 Carvajal
776 1167 849 1207 (ΙΧ,
871 1169 903 1207 4)

161 1222 320 1253 Cumanus
356 1244 387 1247 —
356 1222 572 1254 -Gerardus
593 1221 792 1253 Landrianus
814 1220 871 1261 (ΙΙ,
897 1222 946 1260 12)

356 1275 555 1307 =Joannes
577 1275 614 1306 A.
637 1274 810 1306 Trivultius
832 1273 905 1314 (IX,
927 1274 979 1313 30)

161 1328 349 1360 Cusentinus
375 1343 406 1354 =
434 1328 618 1360 Franciscus
640 1327 679 1359 de
703 1327 800 1369 Borja
823 1327 897 1367 (IX,
919 1327 972 1366 27)

160 1381 264 1422 cypro
290 1381 415 1421 (de)-
384 1404 415 1407 —
444 1381 540 1423 Hugo
564 1381 604 1413 de
629 1381 809 1422 Lusignano
835 1380 874 1420 (Ι,
901 1382 953 1420 41)

161 1435 304 1475 Dionysii
327 1436 378 1475 (s.)
404 1450 435 1460 =
464 1435 604 1466 Joannes
626 1434 665 1466 de
688 1434 718 1466 la
742 1434 867 1466 Grolaie
889 1434 963 1474 (IX,
985 1435 1017 1473 2)

161 1487 380 1520 Dunelmensis
408 1503 440 1514 =
468 1488 606 1520 Thomas
631 1487 771 1529 Langley
796 1487 835 1528 (Ι,
865 1488 913 1526 15)

161 1541 367 1573 Eboraeensis
395 1557 427 1567 =
458 1542 598 1574 Joannes
625 1541 731 1582 Kemp
757 1541 814 1581 (ΙΙ,
841 1542 872 1580 6)

162 1594 305 1626 Elnensis
334 1610 365 1620 =
395 1594 579 1626 Francisous
604 1594 644 1626 de
670 1595 758 1626 Loris
784 1594 857 1634 (IX,
884 1595 936 1633 43)

162 1648 302 1679 Estensis
331 1663 362 1673 =
390 1648 586 1690 Hippolytus
609 1647 649 1679 de
674 1648 750 1680 Este
775 1648 838 1687 (IX
865 1649 914 1686 13)

163 1701 372 1733 Estoutevilla
395 1701 459 1742 (de)
487 1717 516 1727 =
546 1701 628 1733 Guil.
651 1701 691 1733 de
714 1702 840 1733 Estout.
864 1701 922 1741 (ΙΙ,
949 1701 997 1740 18)

163 1754 324 1786 Eustachii
347 1755 398 1794 (s.)
427 1770 458 1780 =
487 1754 635 1786 Α4118118118
659 1755 698 1786 (18
722 1755 836 1786 Catillo
861 1754 900 1794 (Ι,
925 1755 977 1793 29)

357 1833 375 1846 ,,
432 1819 457 1839 v.
483 1808 720 1845 Camerinensis,
747 1807 904 1839 Insulanis
928 1807 1003 1847 (de),
1031 1806 1175 1838 Senensis

163 1861 310 1892 Farnesio
334 1861 398 1900 (de)
427 1877 456 1886 ε
487 1861 663 1893 Alexander
685 1861 724 1893 de
748 1861 841 1893 Farn.
867 1860 940 1900 (IX,
964 1862 996 1899 8)

164 1914 350 1945 Feretranus
372 1926 397 1946 v.
423 1915 608 1946 Anastasiae
631 1917 682 1954 (s.)
710 1930 738 1940 ε
768 1915 836 1946 Jac.
860 1914 935 1946 Teb.

164 1968 328 1999 Firmanus
354 1983 384 1993 ε
412 1968 538 1999 Domin.
562 1968 601 2000 de
624 1968 797 2009 Capranica
821 1967 860 2007 (1,
884 1969 935 2006 45)

164 2021 263 2052 Flisco
286 2021 349 2060 (de)
378 2037 408 2046 z
434 2021 556 2052 Ludov.
579 2022 618 2053 de
641 2021 742 2053 Fliseo
764 2021 803 2061 (1,
826 2023 878 2059 21)

316 2100 333 2111 ‚‚
382 2097 409 2099 -
405 2075 504 2106 Geo
487 2075 590 2116 orgius
611 2075 650 2106 de
673 2074 718 2106 Fl.
742 2074 853 2114 (11,9)

205 2153 222 2164 ,,
316 2153 333 2164 ,,
381 2143 410 2146 ⁴
406 2128 588 2159 Nicolaus
612 2128 651 2159 (18
677 2127 721 2159 Fl.
748 2128 820 2167 (lx,
846 2129 898 2166 39)

165 2180 403 2212 Florentinus
391 2196 417 2199 m
451 2182 590 2213 Joannes
614 2181 653 2212 (18
679 2181 899 2212 Vitellensibus
924 2180 1037 2220 (11,3)

165 2233 287 2264 Foscari
319 2249 348 2252 ψ
338 2234 491 2266 Petrus
519 2235 641 2266 Foscari
670 2234 756 2273 (Vll,
782 2235 834 2273 20)

164 2286 253 2317 Fuxo
275 2286 407 2326 ((18)-
383 2310 392 2312 ⁷⁷
394 2288 548 2319 Petrus
569 2288 608 2319 de
631 2287 720 2318 Fuxo
741 2299 805 2319 sen.
830 2287 869 2327 (1,
892 2288 943 2326 20)

364 2341 533 2373 :Petrus
554 2341 593 2372 de
616 2341 705 2372 Fuxo
726 2341 792 2382 jun
817 2340 902 2379 (Vll
929 2342 977 2379 15)

165 2394 287 2434 Georgii
311 2395 429 2433 (s.-)
400 2410 428 2413 -
455 2394 584 2426 Carolus
607 2394 711 2426 Urries
733 2394 846 2434 (1‚28)

226 2471 244 2483 ‚
337 2472 354 2483 „
403 2463 428 2465 ξ
410 2448 602 2489 Raphael
626 2447 732 2479 Riario
754 2447 840 2487 (Vll,
863 2449 914 2486 22)

166 2499 419 2531 Gerundensis
403 2523 427 2526 ᾖ
460 2501 600 2533 Joannes
623 2501 718 2532 Moles
741 2500 827 2539 (Vll,
850 2502 901 2538 31)

142 2595 145 2598 Ι
166 2553 368 2584 Grimanus
360 2569 386 2572 -
377 2554 600 2586 Dominicus
621 2554 660 2585 de
685 2554 842 2586 Grimanis
865 2553 937 2593 (IX,
961 2553 991 2593 7)

165 2606 331 2637 Guroensis
357 2622 386 2632 τ
414 2607 624 2648 Raymundus
647 2607 779 2639 Pei-audi
803 2607 875 2646 (IX,
902 2608 950 2646 10)

165 2659 400 2691 Herefordensis
429 2676 459 2686 Ξ
490 2661 646 2692 Adrianus
671 2660 795 2691 Castell.
822 2660 895 2700 (IX,
921 2661 972 2699 41)

165 2712 274 2743 Hesler
300 2728 329 2738 Ξ
356 2724 381 2744 v.
404 2713 519 2745 Luciae
542 2715 592 2753 (s.)
615 2714 645 2745 in
670 2714 761 2745 Silioe

165 2765 358 2806 Hispalensis
380 2777 405 2798 υ.
431 2766 622 2808 Seguntinus

164 2818 324 2860 Hispanus
353 2835 383 2844 :⁷
414 2819 552 2851 Didacus
577 2820 618 2851 H.
643 2819 683 2851 de
708 2819 860 2851 Mendoza
886 2819 958 2859 (IX,
984 2821 1036 2859 22)

246 2898 263 2909 ‚‚
358 2883 383 2903 v.
407 2873 592 2905 oxomensis

166 2925 333 2956 Januensis
364 2941 394 2950 z
425 2927 541 2958 Paulus
567 2926 606 2958 de
632 2926 868 2967 Campofrigoso
894 2925 980 2965 (Vll,
1008 2927 1059 2965 24)

166 2978 329 3010 Ilerdensis
351 2989 376 3010 v.
400 2979 647 3017 Tmaconensis,
670 2979 886 3015 Mmsauensis,
911 2979 1140 3020 Segobricensis

1329 314 1487 346 Insulanis
1510 313 1575 354 (de)
1601 328 1633 339 =
1660 313 1802 345 Jacobus
1822 314 1863 346 de
1884 314 1950 346 Ins.
1973 315 2014 355 (Ι,
2035 316 2089 356 26)

1328 367 1502 399 Laudensis
1529 382 1562 392 =
1588 366 1728 408 Angelus
1750 366 1791 399 de
1814 367 1908 399 Anna
1931 367 1972 408 (Ι,
1996 369 2028 408 2)

1327 421 1464 452 Lebreto
1489 420 1554 460 (de)
1580 430 1607 451 v.
1633 419 1784 451 Alebreto
1809 420 1874 461 (de)

1326 474 1528 515 Legionensis
1557 488 1589 499 =
1619 473 1806 505 Franciscus
1830 473 1871 505 de
1898 473 2011 516 Sprats
2037 474 2111 515 (IX,
2137 474 2190 516 40)

1326 527 1546 568 Lueemburgo
1568 526 1632 567 (de)
1658 541 1690 545 --
1715 526 1898 559 Ludovicus
1918 527 1959 559 (18
1979 527 2057 561 Luc.
2079 526 2138 569 (Π,
2159 527 2193 567 8)

1587 605 1606 618 ,,
1666 594 1698 605 =
1723 579 1889 622 Philippus
1909 580 1950 612 de
1970 580 2047 613 Luc.
2071 580 2145 622 (IX,
2169 581 2220 622 16)
2288 618 2290 621 ,

1326 634 1442 666 Luciae
1464 635 1516 674 (s.)
1539 634 1571 665 in
1596 632 1812 675 Septemsoliis
1833 644 1859 665 v.
1882 633 2072 666 Veronensis
2093 634 2160 676 (Jo
2181 633 2334 687 Μοδῖὲῇ
2359 676 2361 679 r

1481 713 1499 725 ‚‚
1542 687 1574 718 in
1598 685 1690 718 since
1715 701 1747 705 —
1774 686 1927 729 Georgius
1948 686 2062 720 Hesier
2082 687 2245 730 (V1L18)
2318 693 2330 698 “

1326 740 1545 782 Lugdunensis
1567 751 1593 771 υ.
1617 739 1858 781 Burdegalensis

1326 794 1452 825 Lunate
1474 793 1774 834 (de)-Berna1·d
1796 793 1837 826 de
1858 793 1939 826 Lun-
1963 793 2037 835 (IX,
2059 795 2091 835 9)

1326 847 1546 879 Maeloviensis
1571 862 1602 872 =
1630 846 1712 879 Guil.
1736 846 1909 888 Brioonnet
1930 846 2005 887 (IX,
2029 849 2080 888 15)

1326 901 1521 933 Mantuanus
1550 915 1582 926 =
1612 900 1724 932 Franc.
1753 900 1904 942 Gonzaga
1930 901 1982 941 (V,
2010 902 2061 942 12)

1326 954 1464 986 Marcelli
1490 955 1541 994 (s.)
1569 969 1601 979 ε
1629 954 1788 985 Antonius
1811 953 1944 986 Casinus
1969 953 2009 995 (Ι,
2033 955 2086 995 36)

1326 1008 1423 1039 Marci
1447 1010 1535 1047 (s.)=
1562 1006 1738 1039 Guilelmus
1760 1007 1908 1039 Fillastre
1927 1007 1968 1047 (I,
1993 1007 2042 1049 17)

1461 1086 1479 1098 ‚‚
1526 1075 1557 1086 =
1584 1060 1773 1102 Angelottus
1796 1060 1916 1092 Fuscus
1938 1060 1996 1101 (ΙΙ,
2018 1062 2051 1102 2)

1461 1140 1479 1152 ,,
1526 1136 1557 1140 -
1583 1114 1697 1146 Petrus
1719 1113 1844 1146 Bal-bus
1866 1113 1924 1155 (ΙΙ,
1946 1115 2000 1155 22)

1461 1193 1479 1205 ,,
1526 1189 1557 1193 -
1583 1167 1708 1199 Marcus
1730 1167 1856 1199 Barbus
1877 1167 1947 1208 (VI,
1969 1169 2002 1209 ὃ)

1328 1221 1445 1252 Mariae
1467 1232 1568 1252 novae
1591 1222 1642 1260 (s.)
1666 1232 1691 1252 v.
1714 1220 1811 1252 Marci
1834 1222 1886 1261 (s.)
1912 1236 1944 1247 =
1969 1221 2084 1254 Petrus
2105 1221 2143 1254 Β.

1514 1300 1532 1311 ,,
1597 1299 1615 1312 ,,
1664 1285 1689 1306 υ.
1712 1274 1946 1307 Valentinensis
1967 1274 2096 1316 (Caesar
2115 1274 2169 1316 B.)

1463 1330 1514 1367 (8)
1537 1328 1567 1359 111
1590 1328 1715 1369 porticu
1741 1343 1772 1354 =
1799 1328 1851 1360 J0.
1876 1327 1971 1371 Bapt.
1995 1328 2080 1361 Zeno
2100 1327 2171 1369 (Vl,
2190 1329 2225 1371 ⁹)

1370 1406 1388 1418 ‚,
1461 1382 1512 1421 (8.)
1534 1381 1565 1412 111
1589 1381 1641 1412 via
1662 1381 1729 1413 lata
1754 1396 1786 1407 =
1813 1381 1885 1414 Joa.
1907 1381 1948 1414 (18
1970 1381 2068 1426 Borja
2089 1381 2164 1423 (IX,
2183 1375 2271 1424 Μ)

1328 1434 1567 1466 Matisconensis
1592 1450 1623 1460 =
1649 1434 1764 1467 Philib.
1786 1434 1940 1476 Hugonet
1960 1435 2049 1475 (VII,
2072 1435 2124 1476 10)

1329 1487 1556 1520 Maurianensis
1578 1499 1603 1520 υ.
1627 1488 1829 1520 Varambone
1850 1488 1916 1529 ((18)

1329 1541 1457 1573 Medicis
1479 1541 1543 1581 (de)
1570 1556 1601 1567 ε
1629 1541 1764 1574 Joannis
1783 1541 1824 1574 de
1844 1541 1928 1574 Med.
1952 1541 2058 1583 (VIII,
2079 1541 2112 1584 7)
2233 1576 2235 1578 ,

1329 1594 1569 1627 Mediolanensis
1606 1610 1636 1620 =
1663 1594 1820 1627 Henricus
1839 1595 1880 1628 de
1902 1595 2020 1628 Allosio
2041 1594 2101 1636 (ΙΙ,
2120 1594 2176 1637 24)
2242 1597 2244 1599 ’
2268 1595 2271 1598 Ὗ

1605 1663 1637 1674 z
1665 1647 1846 1691 Stephanus
1867 1648 2002 1682 Nardini
2023 1648 2111 1690 (vn,
2130 1649 2170 1690 θ’

1602 1712 1628 1734 υ.
1652 1702 1856 1735 Novariensis
1877 1702 1944 1744 (J0.
1966 1703 2053 1743 Are.)

1295 1727 1514 1786 —Melfitensis
1539 1771 1570 1781 Ξ
1597 1755 1648 1787 J0.
1673 1755 1768 1798 Bapt.
1790 1755 1880 1798 Cybo
1901 1755 1989 1797 (VII,
2011 1756 2044 1797 8)
2357 1753 2393 1792 ’ἶ

1329 1808 1536 1840 Messanensis
1561 1823 1591 1834 =
1619 1809 1778 1841 Antonius
1797 1809 1838 1842 (18
1858 1809 1889 1842 la
1910 1809 2012 1843 Corda
2033 1808 2164 1850 (111,1)

1330 1861 1478 1893 Metensis
1506 1877 1537 1887 =
1567 1862 1649 1894 Guil.
1675 1862 1821 1905 Hugonin
1843 1863 1883 1896 de
1909 1863 2031 1905 Stagno
2054 1861 2131 1903 (ΠΙ,
2155 1862 2209 1904 11)
2239 1857 2242 1860 ’
2401 1908 2403 1910 q

1330 1915 1521 1946 Molfetanus
1543 1926 1568 1946 υ.
1592 1915 1778 1948 Melfitensis
2312 1935 2313 1938 ¹

1329 1968 1437 2000 Monte
1459 1969 1524 2008 (de)
1547 1970 1639 2011 Arag.
1667 1985 1697 1995 =
1725 1970 1866 2002 Joannas
1888 1970 1930 2002 M.
1953 1969 2079 2002 Murillo
2099 1967 2140 2011 (Ι,
2161 1968 2220 2011 fl)
2238 1983 2239 1986 =

1329 2021 1556 2054 monteferrato
1578 2022 1642 2062 (de)
1669 2039 1699 2049 =
1726 2022 1910 2056 Theodorus
1930 2023 1971 2056 (18
1991 2022 2124 2056 montet.
2146 2020 2217 2067 (VI,
2237 2021 2275 2068 8)
2323 2042 2325 2044 >

1329 2075 1512 2107 monteforti
1536 2075 1600 2115 (de)
1628 2091 1657 2102 =
1686 2076 1861 2109 Guilelmus
1882 2077 2028 2109 nimus
2049 2075 2090 2118 (1,
2111 2075 2165 2118 4⁷)

1329 2129 1552 2161 Montisferetri
1578 2140 1603 2160 υ.
1630 2130 1817 2163 Anastasia«,
1841 2132 1892 2171 (a.)
1921 2145 1952 2157 =
1981 2130 2052 2163 σω.
2075 2128 2209 2163 rabani
2225 2155 2230 2163 f.

1330 2182 1558 2225 Montisregalis
1586 2198 1614 2208 ε
1644 2184 1763 2215 Auxias
1784 2183 1824 2216 de
1846 2183 1946 2217 Podio
1967 2182 2055 2224 (VII,
2076 2184 2109 2225 ὅ)

1586 2251 1616 2261 =
1645 2237 1786 2269 Joannes
1807 2237 1846 2269 de
1868 2237 1966 2280 Βοῇι
1987 2236 2062 2277 (lx,
2085 2237 2117 2277 1)

1586 2304 1616 2315 =
1644 2290 1786 2322 Joannes
1807 2290 1948 2323 Castelar
1969 2289 2043 2331 (IX,
2065 2290 2118 2331 85)

1329 2342 1513 2374 Mutinensis
1539 2358 1569 2368 =
1597 2343 1738 2375 Joannes
1762 2345 1896 2376 Juvenis
1917 2343 1976 2384 (ΙΙ,
2001 2345 2051 2384 16)
2358 2350 2402 2388 ’ζὲ-

1330 2395 1516 2427 Mutinensis
1544 2411 1574 2422 z
1605 2397 1656 2428 J0.
1684 2397 1778 2439 Bapt.
1803 2397 1843 2429 de
1869 2397 2015 2430 Feri-eriis
2038 2396 2113 2437 (IX,
2136 2396 2192 2438 31)

1330 2449 1558 2491 Neapolitanus
1585 2464 1616 2475 =
1643 2450 1831 2492 Raynaldus
1852 2449 2003 2483 Pisoicelli
2025 2449 2094 2491 (IV,
2116 2451 2149 2491 4)
2356 2442 2400 2474 ³

1587 2518 1616 2528 =
1643 2503 1799 2536 Oliverius
1820 2504 1934 2536 carafa
1956 2503 2025 2544 (VI,
2047 2504 2080 2543 3)

1330 2554 1486 2587 Nicaenus
1512 2571 1541 2581 z
1570 2556 1733 2589 Bessarion
1757 2558 1947 2599 Trapezunt.
1971 2556 2029 2598 (ΙΙ,
2054 2557 2103 2597 11)

1330 2608 1448 2640 Ν188181
1473 2611 1523 2648 (8.)
1546 2620 1572 2641 v.
1595 2610 1875 2642 vicecancellarius
2360 2598 2404 2644 ‘33³³'

1330 2661 1531 2693 Novariensis
1568 2678 1597 2688 =
1626 2663 1791 2696 Ardicinus
1812 2664 1852 2696 de
1875 2663 1972 2696 Porta
1994 2663 2034 2704 (Ι,
2055 2663 2109 2703 40)

1566 2731 1595 2742 -—-
1624 2716 1765 2748 Joannes
1787 2717 2008 2749 Aroimboldus
2029 2715 2117 2757 (VII,
2138 2716 2171 2757 9)
2337 2716 2400 2758 st

1330 2767 1545 2800 olomucensis
1571 2784 1601 2794 =
1629 2769 1769 2802 Joannes
1790 2770 1830 2802 de
1853 2770 1958 2802 Bucca
1980 2769 2020 2810 (Ι,
2042 2770 2095 2810 35)
2339 2782 2342 2784 ’
2420 2778 2429 2784 ’·

1330 2821 1482 2853 Ostiensis
1504 2832 1529 2853 v.
1553 2822 1755 2860 Vivariensis,
1779 2823 1990 2855 Estoutevilla
2358 2817 2398 2865 '³2³

1330 2874 1516 2906 Oxomensis
1546 2890 1576 2901 ε
1608 2876 1720 2908 Petrus
1748 2876 1837 2909 Fern.
1864 2877 1903 2909 de
1931 2876 2064 2918 Frigidis
2089 2875 2130 2916 (1,
2156 2877 2194 2916 3)
2321 2884 2346 2914 υτ

1330 2927 1492 2969 Papiensis
1528 2943 1558 2954 π
1586 2929 1727 2961 Joannes
1748 2930 1787 2961 de
1809 2930 1996 2962 Castellione
2018 2929 2087 2970 (IV,
2109 2929 2142 2969 6)
2339 2922 2399 2973 „534³

1526 2996 1557 3007 =
1585 2982 1725 3014 Jacobus
1748 2983 1896 3014 Amanati
1920 2983 1971 3021 (V,
1996 2985 2045 3022 ll)
