2436 3328
849 169 1081 205 cardinales
1104 169 1179 204 sub
1202 169 1428 204 Alexandro
1453 169 1506 203 VI
2249 174 2291 205 25

273 330 292 369 †
315 330 392 359 1518
414 328 504 360 Febr.
528 330 560 365 5;
583 328 638 359 cfr.
662 327 715 358 lib.
738 327 771 357 ΙΙ
794 338 818 358 s.
841 337 871 357 v.
895 326 1051 363 Perusin.;

31 286 34 287 ’
72 278 124 318 36)
144 277 327 309 franciscus
339 276 532 311 Remolinus,
547 286 615 316 aep.
634 275 807 306 Surrentin.
834 289 866 299 =
891 273 941 304 tit.
957 284 996 304 ss.
1014 273 1035 304 J
1037 272 1087 303 oh.
1103 276 1135 303 et
1149 272 1249 309 Pauli,
1264 271 1336 303 dein
1350 282 1374 302 S.
1390 272 1528 303 Marcelli
1543 271 1656 313 presb.‚
1671 272 1800 303 demum
1814 284 1862 313 ep.
1878 273 2032 304 Albanen.
2049 273 2291 314 (Surrentinus),

18 357 55 422 siv...
71 381 124 423 37)
144 383 327 414 Ὲταῐιθὶεσαε
344 382 519 417 Soderinus,
536 392 584 422 ep.
602 381 765 412 Vulteran.
782 391 837 411 seu
852 379 1033 410 Volateran.
1059 393 1091 403 z
1117 378 1167 409 tit.
1184 389 1208 409 s.
1227 378 1399 415 Susannae,
1416 377 1488 408 dein
1505 377 1571 409 baS.
1587 377 1654 408 XII
1666 378 1777 419 Apost.
1795 378 1908 419 presb„
1920 379 2048 410 demum
2065 391 2112 421 ep.
2125 380 2293 419 Albanen.,

276 434 434 472 sabinen„
460 434 654 465 Praenestin.
681 433 959 472 (Voleaterranus),
985 432 1004 471 †
1030 432 1107 462 1524
1131 431 1206 462 Maii
1232 430 1283 468 17;

70 490 123 529 38)
141 488 294 520 Melchior
315 488 428 527 (copis)
450 488 488 520 de
507 488 652 522 Meckau,
674 497 723 527 ep.
746 486 906 516 Brixinen.
933 500 964 510 =
991 485 1040 515 tit.
1063 495 1086 515 s.
1110 484 1231 515 Nicolai
1252 484 1334 515 inter
1354 484 1506 524 imagines
1528 484 1758 523 (Brixinensis),
1780 485 1799 524 †
1823 485 1898 515 1509
1920 485 1994 516 Maii
2016 487 2049 523 2;

275 594 395 625 Ostien.
419 593 470 633 (de
492 593 617 632 Flisco),
640 593 659 632 †
682 593 759 622 1524
782 591 857 622 Jun.
883 592 934 628 14;

7 537 50 582 7,,μῖ
70 542 123 581 39)
143 542 289 573 Nicolaus
303 541 341 573 de
356 541 467 576 Flisco,
483 551 532 581 ep.
546 539 611 579 (el.)
622 538 811 580 Forojulien.
826 553 858 563 =
872 549 896 568 S.
907 537 1022 568 Luciae
1039 538 1070 568 in
1083 537 1170 578 Sept.
1187 537 1278 574 diac„
1295 536 1367 568 dein
1385 537 1435 567 tit.
1446 547 1470 568 s,
1483 537 1606 568 Priscae
1622 537 1736 578 presb.,
1747 537 1883 578 denique
1893 549 1941 578 ep.
1954 538 2118 576 Albanen.,
2130 539 2292 577 Portuen.,

69 648 122 687 40)
143 647 327 679 Franciscus
347 647 385 678 de
407 646 517 682 sprata
539 646 686 686 (Sprats),
709 655 757 685 ep.
780 644 947 684 Legionen.
974 659 1005 668 =
1031 644 1081 674 tit.
1104 654 1144 674 ss,
1172 643 1294 680 Quirini
1316 646 1348 674 et
1370 642 1513 683 Bacchil)
1537 643 1773 684 (Legionensis),
1796 644 1815 683 †
1839 644 1915 674 1504
1939 644 2025 685 Sept.
2049 646 2081 682 93

4 715 22 730 t
70 701 122 740 41)
143 701 300 732 Adrianus
320 700 524 735 castellensis,
547 698 657 735 italus,
680 708 728 738 ep.
751 697 968 733 Hereforden„
990 696 1062 727 dein
1085 696 1274 727 Bathonien.
1300 711 1332 721 z
1358 696 1408 727 tit.
1431 706 1454 726 S.
1478 696 1671 737 Chrysogoni
1695 696 1945 735 (Herefordensis
1967 708 2021 728 seu
2044 698 2290 738 Bathoniensis),

23 743 25 745 ,
272 753 291 792 †
314 753 396 784 inter
418 763 460 783 m.
485 752 560 782 Dec.
588 752 661 781 1521
688 754 720 781 et
745 750 818 781 Jan.
846 751 922 780 1522
947 749 1123 789 (occiditur,
1147 749 1225 779 dum
1248 749 1388 780 Venetiis
1412 748 1531 780 Urbem
1555 749 1664 790 petit);

69 807 121 846 42)
145 806 281 838 sumbus
301 806 339 838 de
358 806 530 840 casanova,
551 803 740 835 camerarius
763 803 792 833 S.
815 803 849 833 P.
876 818 908 828 z
934 803 984 833 tit.
1006 813 1030 833 S.
1054 802 1207 843 Stephani
1228 802 1259 832 in
1280 802 1312 833 C.
1334 802 1376 832 M.
1399 802 1599 841 (Casanova),
1621 803 1640 842 †
1663 803 1739 832 1504
1762 803 1837 833 Jun.
1859 804 1892 840 4;

70 860 122 899 43)
143 859 326 890 Raneiseus
346 859 383 890 de
402 859 498 894 Loris,
519 868 567 898 ep.
591 856 654 895 (el.)
676 856 798 893 Elnen„
820 855 892 886 dein
913 855 1071 886 Valentin.
1093 859 1126 886 et
1146 855 1249 892 Dien.,
1271 866 1339 896 aep.
1362 855 1495 886 Tranen.
1518 866 1554 886 ac
1575 859 1656 896 patr.
1679 855 1920 897 Constantinop.
1947 871 1979 881 =
2004 867 2028 887 s.
2050 857 2168 887 Mariae
2188 868 2292 888 novae

6 2986 14 3000 e-

274 911 354 942 diac.
379 910 557 950 (Elnensis),
580 910 599 949 †
622 910 699 939 1506
723 908 787 940 Jul.
811 910 859 939 22.

1029 1009 1078 1043 x.
1124 1008 1222 1043 Pius
1245 1008 1318 1051 111,

70 1101 166 1129 antea
186 1097 369 1128 Franciscus
389 1095 802 1131 Todeschini-Piccolomini‚
833 1106 856 1125 s.
880 1094 1043 1125 Eustachii
1072 1094 1152 1124 diac.
1175 1093 1259 1124 card.
1283 1092 1471 1130 „Senensis“
1504 1094 1546 1132 (v.
1569 1103 1664 1133 supra
1685 1093 1721 1130 V,
1744 1094 1785 1132 5),
1821 1093 1938 1124 electus
1959 1094 2080 1125 Romae
2103 1094 2146 1133 (in
2168 1094 2290 1135 palatio

419 1150 535 1190 apost.)
557 1148 607 1179 die
629 1149 667 1178 22
692 1148 789 1188 Sept„
812 1158 948 1178 consecr.
974 1149 999 1178 1.
1024 1147 1105 1184 Oct,
1128 1157 1232 1178 coron.
1256 1147 1274 1177 8
1297 1146 1367 1177 Oct.
1393 1146 1479 1182 1503,
1503 1145 1582 1176 obiit
1606 1146 1682 1176 1503
1706 1146 1776 1177 Oct.
1802 1146 1876 1185 18.2)

68 1263 214 1291 Nicolaum
231 1272 272 1297 ep.
291 1263 465 1296 Fomjulieu,
482 1262 658 1288 Franciscum
675 1270 717 1295 ep.
736 1261 893 1295 Legionen.,
911 1261 1063 1286 Adrianum
1081 1269 1122 1294 ep.

70 1306 258 1338 Heresorden„
275 1307 412 1333 Jacobum
427 1306 571 1332 Casanova
586 1306 766 1331 camerarium
782 1314 871 1335 suum,
889 1305 1065 1330 Franciscum
1081 1313 1123 1338 ep.

71 1350 166 1378 Elnen.
182 1366 218 1370 —
232 1351 386 1377 Publicatio
401 1350 509 1376 illorum
524 1351 540 1375 9
556 1350 628 1375 card.
646 1350 690 1375 die
705 1349 817 1375 Veneris
833 1350 848 1374 2
865 1349 931 1375 Jun.
951 1349 1026 1379 1503,
1043 1349 1124 1382 assig-

70 1396 147 1423 natio
167 1395 311 1422 titulorum
334 1396 365 1421 12
388 1395 473 1421 Junii.
515 1394 562 1420 AC
572 1394 682 1420 Miscell.
706 1394 760 1424 III,
784 1394 823 1419 13.
846 1408 881 1411 —-
901 1393 960 1419 NB.
985 1393 1057 1419 Sunt
1077 1393 1125 1426 qui

69 1439 202 1470 scribunt,
223 1443 331 1474 praeter
349 1439 409 1464 illos
428 1438 580 1464 cardinales
599 1438 635 1463 ab
655 1438 731 1463 Alex.
753 1438 792 1464 VI
812 1438 897 1463 etiam
917 1437 1056 1471 quendam
1077 1437 1124 1463 Jo-

69 1491 177 1514 mnem,
191 1486 329 1509 oratorem
342 1492 359 1509 a
371 1483 441 1508 duee
456 1483 591 1509 Saxoniae
605 1482 640 1507 ad
656 1483 681 1508 S.
697 1482 727 1508 P.
743 1483 865 1514 missum,
880 1485 908 1507 et
921 1482 1034 1507 Petrum
1048 1481 1125 1507 Ciera

70 1527 215 1558 Venatum,
236 1530 375 1562 protonot.
397 1530 496 1560 apost„
517 1527 553 1552 ad
572 1526 645 1560 dign.
668 1526 770 1551 cardin.
792 1529 949 1559 assumptos
969 1534 1034 1551 esse.

139 1571 160 1604 ¹)
185 1571 229 1598 Sic
255 1572 388 1605 scriptum
421 1574 463 1597 est
495 1572 523 1596 in
552 1571 598 1596 Ac
621 1570 732 1596 Miscell.
759 1570 803 1595 III
833 1570 851 1595 f.
887 1571 918 1595 14
943 1570 1001 1601 (cir.
1027 1572 1123 1595 annot.

69 1616 192 1650 proxime
222 1618 320 1649 sequ),
355 1615 402 1641 sed
442 1615 586 1649 legendum
625 1623 683 1640 esse
726 1614 848 1640 videtur:
889 1622 941 1644 „ss
977 1614 1061 1647 Sergii
1096 1616 1125 1639 et

68 1659 200 1690 Baochr‘,
223 1659 333 1686 elevata
354 1663 420 1685 tunc
445 1659 496 1685 hac
519 1659 583 1684 eccl.
608 1659 675 1684 alias
698 1659 834 1684 diaconali
854 1659 881 1683 in
905 1659 948 1684 tit.
974 1658 1101 1692 presbyt.

136 1703 160 1736 ¹)
178 1704 230 1730 Die
255 1704 337 1739 Sabb.
365 1705 397 1730 16
422 1704 496 1737 Sept.
524 1704 591 1729 1503
616 1706 679 1737 post
703 1704 814 1728 missam
838 1703 873 1728 de
899 1703 1002 1736 Spiritu
1027 1705 1125 1727 sancto

69 1747 234 1775 celebratam
257 1756 305 1782 per
328 1748 527 1774 Bernardinum
552 1748 639 1781 presb.
665 1747 738 1773 card.
763 1748 808 1773 tit.
834 1756 854 1772 s.
879 1747 972 1772 Crucis
995 1747 1023 1772 in
1047 1746 1123 1772 basil.

69 1799 91 1817 ε.
104 1791 180 1818 Petri
191 1793 276 1826 princ.
289 1795 378 1826 apost.
391 1792 426 1818 de
437 1792 521 1822 Urbe,
535 1792 562 1817 in
575 1800 631 1825 qua
643 1792 734 1817 oravit
745 1791 857 1817 Alexius
870 1799 911 1825 ep.
927 1790 1124 1824 Gauipolitan„

70 1835 237 1870 infrascripti
261 1836 294 1863 37
319 1836 469 1862 cardinales
493 1837 668 1861 intraverunt
692 1836 822 1861 conclave
847 1836 874 1860 in
899 1835 996 1868 majori
1021 1834 1125 1868 capella

71 1879 167 1914 palatii
184 1882 273 1914 apost.
293 1880 328 1906 ad
346 1880 506 1906 electionem
524 1880 611 1906 futuri
629 1880 777 1913 pontificis,
796 1879 890 1905 videl:
929 1879 1064 1905 Oliverius
1081 1887 1123 1912 ep.

70 1923 199 1950 Sabinen.
213 1923 273 1956 (VI,
285 1924 323 1955 3),
337 1924 465 1950 Julianus
476 1933 518 1958 ep.
533 1924 637 1950 Ostien.
653 1924 728 1956 (VII,
742 1925 778 1955 2),
794 1924 925 1957 Georgius
938 1932 979 1957 ep.
994 1923 1123 1949 Portuen.

70 1967 130 2000 (VI,
156 1969 208 2000 ll),
233 1967 419 2001 Hieronymus
441 1976 483 2002 ep.
509 1968 676 1994 Praenestin.
703 1968 778 1999 (VII,
805 1969 857 1999 17),
893 1968 1057 1993 Laurentius
1081 1976 1122 2001 ep.

69 2011 215 2038 '1⁸usculan.
234 2011 324 2043 (VIII,
343 2013 378 2044 1),
394 2012 576 2038 Antoniottus
593 2013 636 2038 tit.
654 2021 674 2037 s.
692 2012 824 2037 Praxedis
840 2012 931 2044 (VIII,
948 2012 985 2043 3),
1003 2012 1125 2038 Joannes

70 2055 113 2082 tit.
135 2064 170 2081 ss.
192 2056 272 2082 Nerei
293 2059 321 2081 et
341 2056 408 2082 Ach.
431 2056 494 2087 (IX,
515 2057 552 2088 3),
573 2056 759 2082 Bernardinus
779 2057 823 2082 tit.
846 2065 866 2081 s.
888 2056 981 2082 Crucis
1002 2056 1065 2087 (IX,
1087 2057 1124 2087 4),

70 2099 193 2126 Joannes
206 2100 250 2125 tit.
265 2108 285 2125 s.
301 2100 409 2126 Priscae
422 2100 485 2132 (IX,
502 2100 554 2132 19),
569 2100 728 2126 Dominicus
741 2101 785 2126 tit.
800 2108 820 2126 s.
836 2100 944 2126 Nicolai
958 2100 1029 2125 inter
1042 2100 1123 2133 imag.

69 2143 134 2176 (IX,
147 2145 184 2175 7),
198 2144 320 2170 Jacobus
333 2145 376 2170 tit.
390 2152 410 2170 s.
424 2144 572 2170 Clementis
584 2144 648 2175 (IX,
661 2145 715 2176 25),
728 2144 889 2170 Franciscus
901 2145 945 2169 tit.
959 2153 979 2169 s.
993 2144 1125 2170 Caeciliae

69 2184 202 2220 (1X‚·27)‚
217 2188 339 2214 Joannes
352 2189 396 2214 tit.
410 2196 431 2214 s.
446 2188 579 2214 Balbinae
592 2188 655 2219 (IX,
669 2189 724 2220 28),
737 2188 894 2214 Ludovicus
906 2189 950 2213 tit.
965 2196 985 2213 s.
999 2188 1125 2222 Agathae

69 2231 134 2263 (IX,
151 2232 205 2264 29),
221 2232 359 2258 Antonius
374 2233 418 2258 tit.
436 2241 456 2258 s.
474 2232 636 2258 Anastasiae
653 2232 717 2264 (IX,
734 2233 788 2264 30),
806 2232 938 2266 Georgius
953 2233 996 2258 tit.
1014 2241 1035 2258 s,
1054 2232 1125 2258 Sixti

69 2275 133 2308 (IX,
150 2276 205 2308 21),
224 2276 382 2310 Stephanus
399 2277 443 2302 tit.
462 2284 483 2301 s.
502 2276 600 2302 Vitalis
618 2276 835 2307 ‚‚Bononiensis“
853 2276 917 2308 (IX,
930 2276 984 2308 34),
1003 2276 1125 2302 Joannes

69 2319 114 2346 tit.
136 2327 157 2346 s.
179 2320 282 2346 Mariae
302 2321 330 2346 in
352 2320 411 2346 Tib.
435 2320 672 2354 „Montisregaliffl
690 2320 753 2351 (IX,
770 2321 824 2352 35),
846 2320 1007 2346 Franciseus
1027 2321 1070 2346 tit.
1088 2329 1122 2346 se.

71 2363 135 2390 Joh.
153 2367 182 2390 et
199 2364 276 2390 Pauli
294 2364 357 2396 (IX,
374 2365 429 2396 36),
446 2364 576 2390 Nieolaus
593 2373 613 2390 s.
632 2364 732 2390 Luciae
748 2365 776 2390 in
795 2365 869 2398 Sept.
888 2365 951 2396 (IX,
969 2365 1023 2396 39),
1041 2365 1123 2390 Fran-

69 2408 156 2434 ciscus
169 2408 213 2434 tit.
227 2416 262 2434 ss.
278 2408 384 2440 Quirini
397 2411 426 2434 et
437 2408 551 2435 Bacchi!
567 2409 631 2440 (IX,
641 2409 696 2440 40),
710 2408 848 2434 Adrianus
862 2409 906 2434 tit.
921 2417 941 2434 s.
956 2408 1124 2442 Chrysogoni

70 2451 133 2484 (IX,
145 2453 199 2484 41),
213 2452 334 2479 Jacobus
346 2453 390 2478 tit.
403 2461 424 2478 s.
439 2452 534 2486 Steph.
548 2453 576 2478 in
588 2453 615 2479 C.
629 2453 665 2478 M.
680 2453 743 2484 (IX,
756 2453 810 2485 42),
823 2452 985 2486 presbyteri,
998 2453 1124 2486 Raphael

68 2503 90 2522 ι.
103 2495 210 2530 Georgii
220 2496 256 2522 ad
266 2496 317 2522 vel.
329 2505 386 2522 aur.
400 2497 474 2528 (VII,
486 2497 541 2529 22),
553 2497 714 2522 Franciscus
725 2505 746 2522 s.
759 2497 901 2522 Eustachii
912 2497 984 2522 card.
999 2496 1125 2523 Senensis

69 2537 114 2572 (V,
127 2540 164 2572 5),
178 2539 300 2566 <Ioannes
311 2549 333 2566 s.
346 2540 449 2567 Mariae
462 2542 490 2566 in
514 2541 585 2575 Aqu.
600 2541 673 2566 card.
687 2541 821 2567 Columna
834 2541 909 2572 (VII,
923 2541 977 2573 28),
991 2541 1125 2566 Ascanius

1231 1269 1252 1285 s.
1273 1260 1330 1286 Viti
1350 1261 1378 1285 in
1396 1260 1511 1285 Macello
1530 1261 1767 1286 vicecancellarius
1787 1261 1862 1292 (VII,
1882 1262 1936 1292 34),
1958 1262 2080 1287 Joannes
2099 1270 2119 1287 s.
2140 1262 2242 1287 Mariae
2261 1263 2289 1287 in

1232 1305 1332 1330 Domn.
1351 1304 1424 1330 card.
1443 1304 1561 1330 Medices
1579 1305 1670 1336 (VIII,
1689 1306 1725 1336 7),
1743 1305 1888 1330 Federicus
1906 1314 1926 1330 s.
1946 1305 2081 1331 Theodori
2099 1306 2171 1331 card.
2192 1306 2290 1332 Sanse-

1232 1349 1342 1374 verinus
1360 1348 1450 1380 (VIII,
1470 1350 1506 1380 8),
1526 1349 1654 1374 Julianus
1672 1357 1706 1374 ss.
1728 1349 1812 1382 Sergii
1830 1352 1858 1374 et
1877 1349 1978 1375 Bacchi
1997 1350 2060 1381 (IX,
2079 1351 2115 1381 6),
2134 1350 2290 1376 Alexander

1232 1401 1265 1418 ss.
1287 1392 1401 1418 Cosmae
1420 1395 1448 1418 et
1467 1393 1548 1418 Dam.
1569 1393 1642 1418 card.
1663 1393 1808 1418 Famesius
1829 1393 1892 1425 (IX,
1912 1394 1949 1425 8),
1970 1393 2126 1419 Ludovicus
2145 1403 2165 1419 s.
2186 1395 2289 1420 Mariae

1232 1437 1260 1462 in
1276 1437 1322 1462 via
1338 1437 1396 1462 lata
1413 1437 1485 1462 card.
1504 1437 1604 1470 Borgia
1621 1437 1684 1469 (IX,
1702 1438 1756 1469 24),
1773 1438 1881 1463 Marcus
1898 1446 1917 1463 s.
1936 1437 2036 1463 Calixti
2053 1438 2125 1463 card.
2143 1438 2290 1464 Cornarius

1233 1481 1296 1513 (IX,
1316 1481 1369 1512 33),
1388 1481 1517 1514 Aloysius
1534 1489 1555 1506 s.
1574 1481 1677 1507 Mariae
1695 1482 1723 1506 in
1741 1481 1830 1507 Cosm.
1850 1482 1923 1507 card.
1943 1482 1977 1507 de
1995 1482 2132 1515 Aragonia
2151 1482 2214 1514 (IX,
2235 1484 2288 1514 14),

1232 1525 1369 1550 Ameneus
1387 1534 1407 1550 s.
1427 1525 1486 1551 Nic.
1506 1526 1534 1550 in
1552 1534 1620 1551 care.
1640 1525 1709 1551 Tull.
1729 1525 1801 1551 card.
1821 1525 1955 1551 Lebretus
1973 1526 2036 1558 (IX,
2056 1527 2109 1558 23),
2128 1526 2291 1552 Franciscus

1232 1577 1252 1594 s.
1274 1569 1392 1595 Sabinae
1410 1569 1482 1595 card.
1503 1570 1598 1595 Elnen.
1618 1578 1664 1595 seu
1683 1570 1893 1604 Constantinop.
1913 1570 1976 1601 (IX,
1995 1571 2050 1602 41),
2068 1570 2184 1601 diaconi,
2203 1571 2287 1596 Fran-

1233 1614 1319 1639 ciscus
1332 1614 1375 1639 tit.
1390 1622 1410 1639 S.
1427 1614 1569 1639 Susannae
1582 1614 1669 1647 presb.
1685 1614 1757 1639 card.
1771 1614 1954 1639 Volateranus
1968 1614 2031 1646 (IX,
2045 1615 2098 1646 37).
2112 1629 2148 1632 —
2159 1615 2218 1641 NB.
2233 1615 2288 1640 Ab·

1177 1668 1179 1671 ·
1232 1660 1323 1683 sentes
1343 1658 1426 1691 igitur
1445 1661 1535 1683 erant:
1558 1658 1714 1683 Ludovicus
1735 1658 1851 1684 Joannis
1871 1659 1914 1683 tit.
1937 1667 1970 1683 ss.
1993 1658 2032 1684 IV
2051 1658 2147 1684 Coron.
2170 1659 2230 1691 (IV,
2253 1660 2288 1691 l),

1233 1701 1416 1735 Raymundus
1431 1702 1504 1727 card.
1523 1702 1668 1727 Gurcensis
1683 1702 1747 1734 (IX,
1765 1703 1817 1734 10),
1835 1702 1986 1728 Guilelmus
2001 1703 2044 1728 tit.
2061 1711 2081 1728 s.
2098 1702 2290 1728 Pudentianae

1233 1746 1296 1777 (IX,
1319 1747 1371 1777 15),
1401 1746 1544 1780 Philippus
1572 1747 1615 1772 tit.
1636 1755 1670 1772 ss.
1690 1746 1840 1772 Marcellini
1859 1749 1888 1772 et
1906 1747 1982 1772 Petri
2002 1746 2065 1778 (IX,
2087 1747 2139 1778 16),
2168 1747 2289 1772 Thomas

1232 1790 1276 1815 tit.
1299 1798 1319 1815 s.
1342 1790 1454 1816 Martini
1476 1790 1540 1822 (IX,
1562 1791 1616 1823 31),
1639 1791 1737 1816 Petrus
1758 1791 1801 1816 tit.
1825 1799 1845 1816 s.
1868 1790 1975 1824 Cyriaei
1997 1791 2060 1822 (IX,
2082 1791 2136 1823 26),
2157 1791 2290 1816 Melchior

1233 1834 1432 1867 (postmodum)
1456 1835 1500 1860 tit.
1525 1843 1545 1860 s.
1569 1835 1629 1860 Nic.
1654 1835 1725 1860 inter
1748 1835 1828 1868 imag.
1854 1835 1917 1866 (IX,
1941 1835 1995 1866 38),
2020 1835 2190 1868 Hippolytus
2213 1835 2287 1860 card.

1232 1878 1410 1904 Ferrariensis
1426 1887 1473 1904 seu
1490 1879 1614 1904 Estensis
1640 1879 1703 1910 (IX,
1722 1879 1773 1910 13).
1816 1879 1928 1904 Praeter
1944 1879 1994 1904 hos
2010 1879 2094 1904 etiam
2111 1879 2288 1904 Franciscum

1232 1923 1274 1948 tit.
1290 1931 1310 1948 S.
1323 1922 1443 1948 Marcelli
1456 1931 1503 1948 seu
1517 1923 1609 1956 potius
1621 1931 1655 1948 ss.
1669 1923 1732 1949 Joh.
1747 1926 1775 1948 et
1785 1923 1864 1948 Pauli
1877 1923 1935 1954 (cfr.
1950 1923 2002 1953 IX,
2014 1923 2058 1955 36)
2072 1923 2191 1948 abfuisse
2203 1923 2289 1956 aliqui

1232 1967 1322 1992 minus
1338 1969 1411 1992 recte
1427 1967 1559 1992 scribunt.
1576 1982 1612 1985 —-
1627 1967 1679 1992 Die
1695 1968 1729 1992 22
1748 1967 1822 2000 Sept.
1843 1968 1918 1997 1503,
1936 1975 2007 2000 quae
2023 1966 2077 1992 fuit
2092 1967 2150 1992 dies
2166 1967 2287 1998 Veneris,

1232 2010 1266 2036 de
1275 2019 1356 2036 mane
1365 2011 1432 2036 hora
1441 2011 1502 2036 circ.
1510 2011 1546 2036 ‘13
1556 2011 1717 2036 Franciscus
1725 2020 1746 2036 s.
1757 2011 1900 2037 Eustachii
1909 2011 1982 2036 card.
1995 2011 2120 2037 Senensis
2129 2014 2290 2044 assumptus

1231 2058 1274 2080 est
1289 2055 1325 2080 ad
1340 2063 1479 2080 summum
1495 2055 1601 2088 apicem
1617 2055 1789 2088 apostolatus
1804 2058 1833 2080 et
1848 2058 1964 2080 vocatus
1980 2055 2045 2080 Pius
2060 2055 2114 2085 III,
2131 2056 2178 2088 qui
2194 2063 2208 2080 e
2224 2063 2286 2080 con-

1232 2099 1303 2124 clavi
1317 2099 1504 2132 suprascripto
1518 2099 1669 2124 associatus
1683 2099 1737 2125 fuit
1752 2099 1787 2124 ad
1802 2099 1888 2124 altare
1903 2108 1923 2124 s.
1941 2099 2015 2124 Petri
2030 2102 2058 2124 et
2073 2099 2108 2124 ab
2123 2107 2155 2124 eo
2170 2099 2198 2124 in
2213 2099 2287 2133 pala—

1231 2143 1303 2168 tium
1319 2144 1431 2176 (apost.)
1447 2152 1463 2168 a
1479 2143 1610 2176 praefatis
1625 2143 1708 2174 card„
1724 2146 1757 2169 ut
1772 2144 1855 2169 moris
1869 2146 1919 2168 est.
1959 2143 2024 2169 Pius
2040 2143 2084 2168 III
2100 2143 2144 2168 die
2159 2144 2193 2169 30
2210 2143 2285 2177 Sept.

1232 2187 1260 2212 in
1279 2187 1400 2220 presbyt.
1420 2187 1564 2213 ordinatus
1582 2190 1610 2213 et
1631 2188 1642 2213 l
1664 2187 1724 2213 Oct.
1745 2188 1773 2213 in
1792 2188 1872 2221 episc.
1893 2190 2067 2212 consecratus
2086 2190 2127 2212 est
2146 2195 2194 2221 per
2212 2187 2286 2212 card.

1232 2239 1252 2256 s.
1271 2231 1358 2262 Petri;
1376 2231 1420 2256 die
1437 2234 1531 2256 autem
1549 2231 1694 2257 Dominiea
1711 2233 1727 2257 8
1745 2231 1805 2257 Oct.
1827 2232 1893 2257 1503
1911 2234 1975 2265 post
1992 2231 2103 2257 missam
2120 2231 2287 2257 celebratam

1232 2275 1267 2300 ad
1283 2275 1369 2301 altare
1384 2283 1404 2300 s.
1422 2275 1505 2306 Petri,
1530 2276 1647 2301 servatis
1662 2275 1790 2301 omnibus
1805 2276 1965 2301 ceremoniis
1980 2276 2126 2306 consuetis,
2143 2275 2197 2300 fuit
2212 2283 2286 2300 coro-

1232 2322 1315 2345 natus
1329 2320 1356 2344 in
1370 2319 1500 2353 gradibus
1514 2327 1534 2345 s.
1550 2319 1634 2350 Petri,
1649 2322 1677 2345 et
1691 2319 1789 2345 deinde
1803 2320 1954 2345 associatus
1968 2328 1985 2344 a
1998 2319 2067 2345 dnis.
2084 2319 2156 2344 card.
2172 2327 2288 2344 numero

1232 2364 1266 2389 36
1276 2366 1304 2389 et
1315 2363 1374 2389 aliis
1384 2363 1514 2397 praelatis
1524 2364 1552 2389 in
1562 2364 1776 2397 pontificalibus,
1787 2366 1820 2389 ut
1830 2364 1912 2389 moris
1922 2366 1973 2394 est,
1984 2366 2013 2389 et
2023 2363 2104 2389 rediit
2114 2364 2141 2388 in
2151 2363 2287 2397 palatium

1232 2407 1413 2441 apostolicum
1436 2408 1543 2439 (itinere
1565 2407 1601 2433 ad
1623 2408 1686 2433 eccl.
1710 2408 1837 2433 Lateran.
1861 2408 1897 2433 ob
1920 2408 2110 2433 infirmitatem
2133 2407 2284 2440 suspenso).

1231 2451 1277 2477 AC
1300 2451 1410 2477 Miscell.
1432 2451 1477 2476 ΙΙΙ
1499 2451 1517 2477 f.
1536 2453 1576 2477 14.
1597 2466 1632 2470 —
1651 2452 1710 2478 NB.
1726 2452 1769 2477 Ab
1785 2452 1844 2485 ipso
1859 2452 1909 2477 Pio
1924 2451 1968 2477 ΙΙΙ
1984 2451 2135 2477 cardinales
2149 2459 2205 2476 non
2219 2454 2287 2476 sunt

1232 2496 1324 2521 creati.
1354 2495 1407 2521 Cfr.
1424 2495 1495 2529 App.
1516 2495 1530 2521 Ι
1550 2504 1589 2521 nr.
1610 2497 1669 2522 665.

1061 2758 1071 2760 ..
1078 2739 1092 2751 o
1127 2739 1140 2753 κ
1224 2739 1236 2752 o
1297 2741 1299 2743 ·

0 2969 28 3067 ἒ
119 2991 249 3011 mmmm:
266 2990 377 3011 atheneo
394 2990 459 3010 medll
475 2991 534 3012 nevi.
561 2991 591 3012 11.

0 3066 27 3107 3
