2436 3328
810 164 910 208 App.
935 164 963 198 1.
985 165 1275 200 Annotationes
1298 165 1351 200 ad.
1373 168 1472 208 part.
1497 166 1515 200 I
2232 173 2274 204 35

55 261 187 295 Almam
214 261 262 291 tit.
293 272 316 291 s.
347 261 490 291 Praxedis
519 262 616 300 presb.
647 263 727 292 card.
760 263 1032 298 ‚,Avinionensem“

50 304 228 348 'ap‘uoopum
247 305 430 335 Praenestin.
472 307 554 336 Arm.
577 306 699 342 XXXI,
724 308 761 337 52
785 307 805 336 f.
831 308 868 336 34
1054 309 1110 338 260

44 351 91 389 21:³13?
131 350 208 388 Sept.
229 349 249 379 4
278 349 449 379 Ludovicus
469 350 518 379 tit.
540 361 578 379 ss.
600 351 682 380 Petri
702 355 733 380 et
753 351 915 381 Marcellini
935 352 1031 390 presb.

18 391 135 444 fsfflnd.
148 393 186 423 de
198 393 329 423 Labreto
343 395 379 431 (!)
394 394 484 432 vulgo
497 394 670 424 nominatus
684 399 715 424 et
728 396 907 425 camerarius
920 396 1033 434 collegii

57 442 73 454 ‘³
91 452 96 464 2
111 452 126 464 ιι
140 451 144 463 ῑ
159 451 164 455 ·
189 437 265 468 obiit
285 441 341 467 etc.
383 438 416 467 L.
438 448 463 467 C.
1055 441 1108 470 261

58 507 63 509 .
128 481 186 512 Oa.
203 481 224 511 9
250 482 284 511 L.
303 482 382 511 card.
401 482 438 511 de
456 483 571 512 Ursinis
588 483 716 512 intravit
732 483 845 513 Urbem
862 484 978 513 rediens
995 484 1032 513 de

58 540 95 562 -.
106 525 200 555 tione
213 526 362 555 marchiae
375 526 489 556 Ancon.
505 531 535 556 et
549 527 587 556 ab
601 527 650 556 illa
664 527 711 556 die
725 527 830 567 incipit
843 528 1030 566 participare,

62 585 65 595 ι
81 583 106 596 ιι
130 574 234 599 autem
252 570 289 599 de
307 570 546 609 promotionibus
564 571 614 600 illa
633 571 680 600 die
699 571 795 606 factis,
816 572 886 610 quia
904 572 1032 601 intravit

48 611 141 646 finito
161 614 344 644 consistorio.
386 615 419 644 L.
441 625 466 644 0.
1053 617 1108 645 262

129 658 202 688 Νου.
215 658 254 688 27
275 659 310 688 A.
324 658 372 688 tit.
386 669 408 688 s.
422 659 523 688 Crucis
534 659 566 688 in
579 659 599 688 J
601 669 676 688 erus.
690 659 769 688 card.
783 660 930 689 Reatinus
943 660 1032 698 vulgo

0 706 25 738 ξ
34 730 35 733 ,
50 702 225 732 nominatus
240 702 367 732 intravit
384 703 497 732 Urbem
513 703 628 732 rediens
644 703 681 732 de
698 703 844 742 legatione
861 714 915 733 sua
933 704 1029 733 Bono-

16 739 24 752 *
51 745 146 776 nicusi
156 750 187 775 et
195 746 232 775 de
241 747 479 785 promotionibus
488 747 538 776 illa
548 747 595 776 die
605 747 692 776 factis
701 758 762 776 non
771 747 941 786 participat.
961 749 993 778 L.
1005 759 1029 777 c.
1052 750 1108 778 263

531 829 632 862 1466.

127 887 199 916 Ja‘n.
216 887 236 916 3
260 887 292 916 in
308 887 482 917 consistorio
497 892 610 916 secreto
627 887 776 916 Berardus
792 888 839 917 tit.
858 899 880 917 s.
901 888 1028 918 Sabinae

51 930 148 969 presb.
166 931 245 960 card.
266 931 444 970 Spoletanus
459 932 632 960 nominatus
649 932 707 960 fuit
723 932 835 961 electus
851 932 881 961 in
898 943 1028 962 camera-

51 974 129 1004 rium
142 985 165 1004 s.
180 975 294 1014 collegii
307 979 338 1004 et
352 978 369 1005 9
383 975 431 1004 die
444 975 578 1014 ejusdem
592 976 700 1005 mensis
717 975 751 1005 G.
767 976 847 1005 card.
863 977 1028 1006 Rothoma-

50 1018 148 1058 gensis
162 1019 288 1048 tradidit
302 1019 329 1048 ei
343 1019 470 1058 sigillum
486 1019 577 1048 officii
592 1019 684 1058 ipsius
699 1020 921 1049 camerariatus.
952 1022 984 1050 L.
1002 1032 1025 1050 0.
1048 1023 1104 1051 264

124 1063 207 1092 Febr.
219 1063 257 1092 10
278 1063 424 1092 Ricardus
435 1063 515 1093 card.
529 1064 765 1093 Constantiensis
776 1064 902 1094 intravit
915 1066 1027 1095 Urbem

50 1105 166 1137 rediens
181 1106 218 1145 de
233 1107 380 1145 legatione
395 1118 448 1137 sua
465 1108 607 1137 Perusina
624 1112 654 1137 et
670 1108 707 1137 de
723 1109 961 1147 promotionibus
977 1110 1027 1139 illa

50 1149 98 1180 die
122 1151 210 1180 factis
234 1161 295 1180 non
318 1151 488 1190 participat,
517 1152 586 1190 quia
611 1152 738 1181 intravit
764 1153 836 1182 hora
862 1154 949 1182 tarda
974 1165 1026 1183 seu

49 1194 188 1230 serotina,
210 1195 261 1224 sed
281 1195 318 1224 de
338 1195 402 1224 aliis
422 1196 592 1234 participat.
634 1197 667 1226 L.
689 1207 713 1225 c.
1046 1199 1101 1228 265

125 1239 208 1268 Maii
225 1239 245 1268 5
272 1239 403 1278 Angelus
422 1240 470 1269 tit.
491 1251 513 1269 s.
536 1240 636 1269 Crucis
655 1241 686 1269 in
708 1241 804 1270 Jerus.
825 1242 922 1280 presb.
944 1242 1023 1271 card.

49 1281 200 1313 Azietinus
224 1283 392 1321 (Reatinus)
417 1284 497 1322 vulg.
522 1285 633 1314 nomin.
659 1285 779 1314 recessit
802 1285 833 1314 in
857 1286 1024 1316 Bononiam

49 1325 164 1366 legatus
179 1327 216 1356 de
232 1327 332 1362 latere,
349 1331 440 1366 prout
455 1328 518 1367 jam
534 1333 607 1364 erat,
625 1333 656 1358 et
672 1329 710 1358 ab
726 1329 776 1358 illa
793 1330 839 1358 die
856 1340 916 1359 non
932 1331 1023 1369 parti-

48 1369 138 1410 cipat„
178 1371 211 1400 L.
233 1381 258 1400 ο.
1044 1377 1100 1405 266

122 1414 203 1445 Julii
215 1415 254 1445 30
269 1415 401 1445 Joannes
416 1426 461 1455 ep.
478 1417 619 1446 Portuen.
639 1417 667 1447 S.
681 1418 718 1447 R.
733 1418 767 1447 E.
784 1418 863 1447 card.
880 1429 902 1448 s.
919 1419 1024 1458 Angeli

39 1458 219 1498 *abominatus
237 1459 296 1488 fuit
314 1464 470 1498 promotus
489 1465 520 1490 et
539 1466 656 1490 creatus
677 1462 791 1500 legatus
811 1462 847 1491 de
867 1463 967 1498 latere,
989 1467 1024 1492 ut

45 1501 104 1533 int
118 1503 200 1542 apud
216 1503 370 1539 Venetias;
389 1508 419 1533 et
435 1505 494 1534 fuit
511 1505 675 1535 associatus
691 1517 744 1544 per
761 1517 863 1536 omnes
880 1507 970 1542 card„
989 1512 1024 1537 ut

43 1546 136 1577 moris
147 1550 201 1582 est,
218 1547 256 1576 de
267 1558 290 1577 s.
303 1548 433 1583 Marcho,
446 1549 499 1578 ubi
513 1549 541 1578 S.
555 1550 587 1578 P.
602 1554 674 1579 tunc
687 1550 855 1585 habitabat,
878 1562 971 1590 usque
984 1552 1022 1580 ad

45 1588 169 1620 domum
190 1601 284 1621 suam.
334 1592 391 1627 Qui
413 1593 460 1622 die
483 1595 520 1622 20
541 1594 617 1632 Aug.
643 1595 716 1623 1466
738 1595 858 1624 recessit
880 1596 919 1624 ab
942 1596 1023 1625 Urbe

27 1633 160 1674 ¹legatus
183 1635 220 1664 de
244 1636 335 1665 latere
358 1641 427 1675 post
450 1637 659 1667 consistorium
683 1638 805 1668 finitum
827 1639 859 1668 in
882 1640 1023 1669 Venetias

18 1672 25 1705 f
35 1678 257 1711 {sollicitamus
269 1680 369 1719 aliqua
381 1684 485 1710 contra
505 1682 654 1720 nephand.
675 1683 805 1712 Turcum
824 1687 855 1712 et
874 1684 931 1713 alia
951 1688 1021 1719 etc.;

44 1722 146 1755 effluit
156 1723 320 1755 associatus
331 1735 383 1763 per
394 1735 496 1754 omnes
508 1726 587 1755 card.
601 1730 632 1755 et
643 1730 742 1756 totam
753 1727 866 1756 curiam
878 1738 972 1767 usque
984 1729 1022 1757 ad

44 1770 164 1806 portam
178 1768 268 1797 castri
281 1778 304 1797 s.
320 1769 433 1807 Angeli,
458 1770 597 1799 recedens
611 1781 629 1799 a
644 1781 667 1800 s.
683 1771 813 1806 Marcho,
830 1772 881 1801 ubi
897 1776 952 1801 etc.
961 1783 967 1807 ;
993 1776 1023 1802 et

45 1809 83 1840 tle
97 1811 334 1849 promotionibus
350 1812 399 1842 illa
415 1813 463 1842 die
479 1813 566 1843 factis
582 1814 753 1853 participat,
772 1819 802 1844 et
818 1826 878 1845 non
894 1816 931 1845 de
947 1817 1020 1846 aliis.

45 1853 79 1884 1³·
100 1864 198 1938 cSept
213 1899 232 1928 4
258 1899 391 1930 Jacobus
405 1901 452 1931 tit.
468 1912 490 1931 s.
507 1902 684 1932 Anastasiae
698 1904 795 1942 presb.
811 1904 890 1933 card.
907 1905 1022 1934 Romae
1043 1862 1097 1892 267

45 1941 121 1972 obiit
140 1946 196 1972 etc.
237 1944 270 1973 L.
292 1954 316 1973 0.
339 1944 359 1974 f.
381 1947 426 1975 35.
1041 1951 1097 1979 268

118 1986 176 2016 Oct.
197 1987 217 2016 3
248 1988 380 2018 Joannes
400 1989 447 2018 tit.
469 1999 491 2018 s.
513 1990 634 2019 Martini
654 1990 685 2020 in
705 1995 799 2021 mont.
820 1993 917 2030 presb.
939 1993 1018 2022 card.

44 2029 159 2060 Albien.
186 2031 259 2061 alias
284 2032 460 2062 Atrabaten.
487 2033 614 2063 intravit
640 2035 752 2064 Urbem
779 2036 876 2071 Rom„
904 2037 1020 2066 rediens

43 2073 80 2104 de
98 2075 235 2113 partibus
254 2076 404 2112 Franciae,
425 2077 497 2107 hora
517 2079 553 2107 23
572 2079 619 2107 vel
637 2078 714 2108 circa
734 2083 764 2108 et
783 2080 821 2109 ab
841 2080 890 2109 illa
909 2081 957 2110 die
975 2081 1019 2110 in-

41 2118 122 2157 cepit
141 2119 329 2159 participare.
371 2121 404 2150 L.
426 2131 451 2150 c.
1041 2127 1096 2155 269

517 2196 619 2229 1467.

30 2287 40 2293 ,
117 2252 189 2281 Jan.
209 2253 226 2282 7
252 2252 283 2282 in
300 2253 474 2283 consistorio
491 2259 604 2284 secreto
621 2255 778 2285 Bessarion
795 2267 840 2296 ep.
860 2257 1017 2288 Tusculan.

23 2329 24 2332 Ἴ
41 2294 100 2325 {uit
118 2296 230 2326 electus
249 2300 279 2326 et
298 2302 471 2336 assumptus
490 2298 521 2327 in
541 2300 736 2330 camerarium
755 2311 777 2330 s.
799 2301 912 2340 collegii
930 2301 1019 2341 juxta

10 2362 11 2366 ,
40 2338 168 2371 {ormam
179 2344 210 2370 et
220 2341 343 2370 modum
353 2341 445 2380 ipsius
456 2343 569 2381 collegii
580 2344 861 2382 constitutionum*)
873 2350 904 2374 et
914 2346 1018 2376 eadem

40 2382 114 2413 hora
130 2384 210 2414 card.
232 2385 410 2424 Spoletanus
428 2386 499 2415 anni
517 2388 670 2425 praeteriti
689 2389 867 2418 camerarius
885 2390 1018 2420 restituit

41 2426 68 2457 si
87 2427 215 2467 sigillum
235 2433 266 2458 et
286 2429 394 2459 librum
415 2434 564 2460 taxarum.
606 2432 638 2461 L.
661 2442 685 2461 c.
1038 2436 1095 2465 270

115 2471 196 2502 Febr.
217 2473 255 2502 10
285 2473 455 2504 Ludovicus
477 2475 603 2504 Joannis
623 2476 702 2505 card.
725 2487 762 2506 ss.
785 2477 827 2506 IV
848 2477 952 2507 Coi-on.
974 2478 1016 2507 in-

41 2523 156 2555 gressus
181 2520 227 2546 est
251 2517 364 2547 Urbem
389 2518 504 2548 rediens
530 2519 567 2548 de
593 2519 748 2549 Catalonia
774 2524 804 2550 et
830 2521 869 2550 ab
894 2521 944 2551 illa
969 2522 1017 2552 die

37 2557 152 2598 incepit
172 2561 358 2600 participare.
399 2563 432 2592 L.
455 2573 479 2592 c.
1038 2567 1092 2597 271

117 2603 194 2642 Sept.
211 2605 250 2634 17
277 2605 433 2644 (Joannes)
451 2617 497 2646 ep.
516 2607 656 2637 Portuen.
675 2608 754 2637 card.
773 2619 795 2638 s.
814 2609 919 2648 Angeli
936 2610 1015 2648 vulg.

41 2656 171 2686 nuncup.
199 2648 346 2687 ingressus
372 2654 417 2680 est
444 2651 556 2680 Urbem
584 2652 698 2681 rediens
725 2652 762 2682 de
790 2653 936 2691 legatione
963 2664 1016 2683 sua

41 2690 234 2722 Venetiamm
251 2697 282 2722 et
299 2694 462 2724 associatus
480 2695 539 2724 fuit
556 2706 608 2734 per
626 2706 728 2725 omnes
746 2697 825 2726 card.
845 2706 863 2726 a
880 2707 902 2726 s.
922 2698 1016 2727 Maria

40 2734 78 2764 de
98 2735 213 2775 Populo
233 2747 326 2776 usque
346 2738 385 2767 ad
405 2739 552 2777 palatium
573 2750 595 2769 s.
618 2740 740 2775 Marchi,
762 2741 814 2770 ubi
835 2746 907 2770 tunc
930 2742 958 2771 S.
982 2742 1014 2771 P.

39 2779 231 2810 residentiam
237 2780 375 2817 faciebat,
387 2786 418 2812 et
426 2782 468 2812 ibi
476 2788 612 2822 receptus
622 2784 652 2813 in
663 2785 837 2814 consistorio
843 2786 1014 2824 apostolico,

39 2826 76 2852 ut
93 2823 184 2853 moris
204 2829 258 2860 est,
279 2829 311 2854 et
330 2825 368 2855 ab
388 2826 438 2856 illa
457 2827 505 2856 die
524 2827 630 2867 incipit
649 2829 837 2868 participare.
878 2830 910 2859 L.
933 2840 956 2859 0.
1036 2831 1091 2860 272

110 2914 137 2947 *)
161 2915 237 2947 Quae
259 2915 409 2943 referentur
430 2917 459 2943 in
480 2917 551 2952 App.
575 2919 613 2944 II.

1291 264 1349 294 Oct.
1371 264 1409 294 12
1441 265 1556 294 Romae
1577 266 1652 294 obiit
1675 267 1807 296 Joannes
1829 268 1876 297 tit.
1899 279 1921 297 s.
1944 269 2032 298 Laur.
2055 269 2086 298 in
2107 270 2195 299 Dam.

1216 308 1295 338 card.
1321 309 1506 338 Zamorensis
1529 310 1608 348 vulg.
1634 320 1764 349 nuncup.
1790 315 1820 340 et
1844 313 1978 351 sepultus
2001 313 2032 342 in
2055 314 2197 353 hospitali

1216 352 1420 391 Hispanorum
1441 353 1472 381 in
1493 354 1614 382 ecclesia
1635 365 1657 383 s.
1682 355 1789 384 Jacobi
1810 360 1866 385 etc.
1908 357 1941 386 L.
1964 367 1988 386 0.
2011 358 2030 386 f.
2054 360 2099 387 36.
2217 361 2274 390 273

1291 397 1348 426 Oct.
1363 397 1401 426 22
1424 397 1546 426 Amicus
1561 408 1606 436 ep.
1621 398 1760 437 Aquilan.
1776 400 1934 429 cardinalis
1948 402 2066 430 noviter
2079 407 2196 432 creatus

1215 440 1362 479 ingressus
1377 445 1422 470 est
1436 441 1548 471 Urbem
1563 442 1651 471 Rom.
1666 453 1719 481 per
1732 448 1852 481 portam
1866 455 1888 473 s.
1905 445 2016 474 Mariae
2030 446 2066 475 de
2081 447 2196 485 Populo

1216 488 1246 513 et
1270 484 1339 514 inde
1364 485 1528 514 associatus
1553 497 1606 524 per
1631 497 1733 516 omnes
1758 488 1838 516 card.
1865 499 1959 527 usque
1984 490 2023 519 ad
2048 491 2196 529 palatium

1215 539 1237 557 s.
1253 529 1374 564 Marchi,
1390 529 1442 558 ubi
1456 533 1528 558 tunc
1545 530 1572 559 S.
1588 531 1620 559 P.
1636 531 1828 561 residentiam
1842 532 1981 568 faciebat,
1997 538 2027 563 et
2040 534 2151 564 ibidem
2165 536 2196 565 in

1215 573 1336 602 ecclesia
1351 584 1373 602 s.
1390 574 1503 602 Marchi
1517 578 1654 612 receptus
1669 586 1721 613 per
1735 576 1863 605 eundem
1881 577 1908 606 S.
1926 578 1958 606 P.
1975 578 2006 606 in
2020 579 2196 609 consistorio

1215 617 1343 655 publico,
1368 618 1418 656 qui
1441 618 1563 647 admisit
1585 629 1653 648 eum
1675 620 1714 648 ad
1736 620 1870 649 osculum
1892 621 2011 659 pedum,
2036 633 2142 652 manus
2165 628 2196 653 et

1215 661 1315 696 osculi,
1342 662 1447 691 ceteris
1472 662 1672 692 cardinalibus
1699 674 1766 693 eum
1793 664 1831 693 ad
1857 666 1991 695 osculum
2017 667 2098 705 pacis
2123 668 2194 697 reci-

1214 705 1365 743 pientibus
1383 710 1414 735 et
1431 716 1499 735 cum
1516 707 1634 736 cantico
1653 708 1714 742 „Te
1732 708 1830 737 Deum
1848 709 2025 739 laudamus“
2044 722 2138 750 usque
2155 713 2194 741 ad

1214 749 1308 778 altare
1318 749 1416 788 majus
1426 750 1524 779 dictae
1534 751 1672 780 ecclesiae
1683 752 1908 788 associantibus,
1920 758 1951 782 et
1960 759 2064 792 postea
2075 756 2101 784 ei
2111 756 2195 786 dedit

1213 794 1360 831 capellum
1374 794 1508 829 rubeum,
1523 794 1649 833 insignia
1663 796 1878 832 cardinalatus;
1894 798 2015 827 demum
2029 800 2193 829 associatus

1213 841 1259 866 est
1274 848 1327 876 per
1343 849 1444 867 omnes
1461 839 1540 868 card.
1559 849 1653 878 usque
1669 840 1707 869 ad
1724 841 1872 878 palatium
1888 852 1984 871 suum.
2018 843 2074 872 Die
2090 849 2193 874 autem

1213 881 1334 910 Veneris
1361 884 1395 911 13
1421 883 1529 912 mensis
1555 883 1631 912 Nov.
1658 884 1688 912 in
1714 885 1889 914 consistorio
1914 886 1972 915 fuit
1997 892 2135 925 apertum
2160 899 2192 918 os

1212 925 1325 954 domini
1347 926 1496 965 Aquilani,
1521 927 1672 966 assignato
1694 928 1719 957 ei
1742 929 1789 958 tit.
1814 940 1836 958 s.
1861 930 2045 968 Balbinae*).
2109 933 2142 962 L.
2166 943 2190 962 c.
2213 935 2269 964 274

1289 970 1361 999 Nov.
1383 971 1421 999 15
1452 971 1499 1000 die
1520 971 1677 1001 Dominico
1699 973 1873 1002 Franciscus
1893 975 2036 1012 generalis
2058 976 2192 1006 minister

1212 1013 1282 1043 Ord.
1309 1014 1467 1049 Minorum,
1494 1019 1612 1044 creatus
1637 1016 1755 1045 noviter
1780 1018 1946 1053 cardinalis,
1974 1019 2121 1057 ingressus
2147 1026 2192 1050 est

1211 1058 1324 1087 Urbem
1349 1059 1436 1088 Rom.
1462 1070 1515 1097 per
1538 1064 1658 1098 portam
1683 1071 1704 1089 s.
1731 1061 1842 1090 Mariae
1867 1062 1903 1091 de
1929 1063 2043 1101 Populo
2068 1069 2098 1093 et
2123 1065 2191 1094 inde

1211 1102 1374 1131 associatus
1393 1114 1446 1141 per
1465 1113 1566 1132 omnes
1586 1104 1665 1133 card.
1686 1115 1780 1143 usque
1800 1106 1838 1134 ad
1857 1107 2004 1144 palatium
2024 1118 2046 1137 s.
2067 1109 2189 1144 Marchi,

1210 1146 1261 1174 ubi
1280 1150 1352 1175 tunc
1373 1147 1401 1176 S.
1421 1148 1453 1176 P.
1473 1147 1665 1177 residentiam
1684 1149 1822 1184 faciebat,
1843 1154 1873 1179 et
1891 1150 2002 1180 ibidem
2020 1151 2050 1180 in
2069 1154 2190 1182 ecclesia

1209 1200 1231 1218 s.
1258 1191 1371 1219 Marchi
1396 1196 1533 1230 receptus
1557 1202 1610 1230 per
1634 1193 1761 1222 eundem
1789 1194 1817 1222 S.
1845 1195 1876 1223 P.
1903 1194 1934 1223 in
1959 1196 2135 1226 consistorio
2160 1202 2190 1227 et

1209 1234 1355 1264 admissus
1372 1235 1411 1264 ad
1428 1236 1562 1265 osculum
1578 1236 1698 1274 pedum,
1717 1248 1823 1267 manus
1841 1242 1871 1267 et
1888 1239 1988 1274 osculi,
2007 1251 2059 1278 per
2076 1245 2189 1271 ceteros

1208 1282 1310 1307 autem
1328 1279 1407 1308 card.
1426 1280 1465 1308 ad
1483 1280 1616 1309 osculum
1634 1281 1723 1319 pacis,
1743 1286 1773 1310 et
1790 1292 1859 1311 cum
1876 1283 1994 1312 cantico
2012 1285 2074 1319 „Te
2091 1286 2189 1315 Deum

1208 1322 1386 1352 laudamus“
1396 1334 1490 1362 usque
1499 1324 1538 1353 ad
1547 1324 1641 1353 altare
1650 1325 1748 1364 majus
1758 1326 1856 1355 dictae
1866 1327 2004 1356 ecclesiae
2013 1329 2177 1360 associatus
2183 1341 2191 1366 ;

1207 1370 1312 1405 postea
1338 1367 1369 1396 in
1395 1368 1561 1397 continenti
1587 1369 1699 1407 recepit
1725 1371 1872 1408 capellum
1899 1371 2034 1407 rubeum,
2062 1373 2189 1412 insignia

1207 1411 1418 1447 cardinalatus,
1436 1412 1557 1441 demum
1574 1413 1738 1443 associatus
1754 1425 1806 1452 per
1823 1425 1925 1444 omnes
1941 1416 2021 1445 card.
2039 1427 2133 1456 usque
2150 1419 2189 1447 ad

1207 1455 1354 1493 palatium
1373 1466 1461 1485 suum
1480 1467 1502 1485 s.
1524 1457 1605 1486 Petri
1624 1457 1663 1486 ad
1682 1457 1770 1493 vinc.,
1792 1459 1877 1497 cujus
1899 1460 2060 1498 (ecclesiae)
2081 1461 2188 1492 titulus

1207 1499 1263 1528 sibi
1280 1499 1339 1528 fuit
1355 1500 1454 1529 datus.
1490 1501 1545 1530 Die
1562 1505 1665 1530 autem
1683 1503 1720 1531 20
1737 1502 1814 1531 Nov.
1833 1503 1864 1531 in
1882 1504 2057 1534 consistorio
2075 1511 2189 1536 secreto

1209 1543 1237 1572 S.
1258 1544 1290 1572 P.
1310 1544 1406 1573 eidem
1424 1545 1542 1583 aperuit
1560 1556 1591 1574 os
1610 1549 1640 1574 et
1658 1546 1763 1581 voluit,
1784 1547 1864 1585 quod
1882 1548 2077 1587 participaret
2095 1560 2112 1578 a
2130 1550 2177 1579 die

1206 1588 1383 1626 receptionis
1397 1589 1510 1627 capelli.
1539 1590 1629 1624 Nota,
1646 1590 1726 1628 quod
1743 1590 1771 1619 S.
1788 1591 1820 1620 P.
1837 1592 1995 1621 mandavit
2009 1593 2090 1628 mihi,
2107 1595 2188 1632 quod

1206 1635 1266 1661 tres
1279 1632 1320 1661 illi
1333 1633 1423 1667 card„
1438 1643 1477 1662 sc.
1492 1633 1676 1669 Vicentinus,
1691 1635 1857 1673 Aquilanus
1871 1639 1901 1664 et
1914 1646 1936 1665 s.
1951 1637 2032 1665 Petri
2046 1637 2084 1666 ad
2097 1638 2185 1674 vinc.,

1206 1676 1421 1715 participarent
1443 1677 1480 1706 de
1502 1677 1740 1716 promotionibus
1763 1679 1813 1708 illa
1836 1679 1883 1708 die
1906 1680 2002 1715 factis,
2028 1692 2087 1720 qua
2110 1693 2186 1711 rece-

1206 1724 1315 1758 perunt
1325 1721 1461 1759 capellos,
1473 1732 1533 1750 non
1543 1722 1684 1751 obstante
1693 1723 1762 1752 stilo
1773 1727 1803 1752 et
1813 1725 2028 1754 consuetudine
2039 1736 2060 1754 s.
2073 1726 2187 1765 collegii

1206 1764 1243 1793 de
1258 1775 1318 1793 non
1335 1765 1543 1804 participando
1559 1766 1615 1795 nisi
1631 1777 1649 1795 a
1665 1766 1713 1795 die
1729 1767 1902 1805 aperitionis
1919 1769 1989 1804 oris;
2007 1769 2086 1798 idem
2103 1781 2186 1808 prae-

1206 1808 1285 1847 cepit
1312 1809 1384 1838 mihi
1411 1810 1490 1839 card.
1519 1810 1668 1839 Nicaenus
1695 1821 1717 1840 s.
1746 1811 1859 1850 collegii
1886 1813 2065 1842 camerarius
2072 1824 2078 1849 ;
2107 1814 2186 1844 idem

1205 1857 1399 1891 praeceptum
1424 1858 1470 1883 est
1494 1854 1531 1883 de
1556 1854 1678 1883 domino
1703 1855 1913 1893 Neapolitano.
1965 1857 1997 1886 L.
2025 1868 2048 1886 0.
2206 1861 2262 1889 275

1281 1897 1348 1926 Dec.
1363 1898 1382 1926 3
1406 1897 1453 1926 die
1469 1898 1488 1927 J
1491 1898 1554 1927 ovis
1569 1899 1715 1928 Oliverius
1730 1900 1858 1938 archiep.
1875 1900 2075 1939 Neapolitan.,
2091 1902 2184 1931 cardi-

1205 1940 1279 1970 nalis
1305 1942 1423 1971 noviter
1449 1946 1575 1977 creatus,
1603 1942 1750 1981 ingressus
1777 1947 1822 1972 est
1848 1944 1961 1973 Urbem
1987 1956 2039 1983 per
2065 1950 2185 1984 portam

1204 1995 1226 2013 s.
1249 1985 1375 2015 Joannis
1394 1986 1543 2021 Lateran.,
1565 1990 1595 2015 et
1614 1987 1778 2016 associatus
1797 1998 1849 2026 per
1868 1999 1970 2018 omnes
1990 1990 2069 2019 card.
2091 2001 2184 2029 usque

1204 2029 1242 2057 ad
1258 2029 1405 2067 palatium
1422 2040 1443 2059 s.
1462 2030 1583 2065 Marchi,
1602 2035 1632 2059 et
1648 2031 1679 2059 in
1695 2032 1816 2060 ecclesia
1832 2036 1970 2071 receptus
1985 2044 2038 2071 per
2056 2034 2084 2063 S.
2103 2035 2135 2063 P.
2153 2034 2184 2063 in

1203 2073 1378 2103 consistorio
1395 2074 1515 2112 publico
1533 2078 1563 2103 et
1581 2075 1727 2104 admissus
1746 2075 1784 2104 ad
1803 2077 1937 2105 osculum
1955 2081 2010 2106 etc.
2030 2082 2065 2107 ut
2083 2088 2181 2117 supra,

1204 2117 1255 2156 qui
1270 2117 1354 2146 dedit
1369 2118 1395 2147 ei
1411 2119 1558 2156 capellum
1573 2119 1708 2154 rubeum,
1726 2119 1877 2158 assignato
1893 2120 1919 2149 ei
1935 2121 1982 2150 tit.
2000 2132 2037 2150 ss.
2055 2122 2136 2151 Petri
2153 2127 2183 2152 et

1202 2161 1377 2197 Marcellini;
1402 2162 1509 2191 deinde
1532 2163 1696 2192 associatus
1720 2174 1771 2202 per
1795 2174 1897 2193 omnes
1921 2165 2000 2194 card.
2026 2176 2120 2204 usque
2144 2167 2183 2196 ad

1202 2205 1349 2244 palatium
1369 2216 1466 2235 suum.
1508 2207 1540 2236 L.
1562 2217 1586 2236 0.
1609 2207 1629 2236 f.
1652 2209 1697 2237 37.
2203 2212 2259 2242 276

1645 2290 1748 2323 1468.
1760 2288 1811 2333 **)

1276 2347 1348 2376 Jan.
1367 2347 1406 2376 10
1434 2347 1564 2386 Angelus
1583 2347 1630 2377 tit.
1651 2359 1673 2377 s.
1694 2348 1794 2378 Crucis
1812 2349 1844 2378 in
1864 2349 1961 2379 Jerus.
1982 2351 2078 2389 presb.
2100 2351 2179 2380 card.

1201 2390 1348 2419 Reatinus
1364 2391 1444 2429 vulg.
1462 2401 1592 2430 nuncup.
1621 2392 1709 2421 rediit
1725 2393 1762 2422 de
1779 2393 1927 2431 legatione
1944 2404 1997 2423 sua
2015 2395 2178 2425 Bononien.

1201 2438 1232 2463 et
1252 2435 1290 2463 ab
1311 2435 1360 2464 illa
1381 2435 1428 2464 die
1449 2435 1561 2474 incepit
1581 2436 1768 2475 participare.
1811 2438 1843 2466 L.
1866 2448 1890 2466 0.
2200 2441 2254 2470 277

1271 2525 1297 2557 *)
1317 2525 1341 2551 Α
1354 2534 1409 2559 quo
1428 2526 1472 2552 die
1490 2527 1522 2552 13
1538 2526 1598 2552 Oct.
1619 2527 1686 2553 1469
1701 2527 1845 2554 absolutus
1858 2531 1900 2554 est
1913 2528 1980 2554 dato
1994 2529 2045 2555 sibi
2058 2530 2101 2555 tit.
2117 2538 2137 2555 s.
2153 2530 2256 2556 Mariae

1200 2572 1277 2595 trans
1295 2570 1422 2595 Tiberim.

1258 2613 1302 2645 **)
1321 2614 1452 2647 Inceptus
1474 2622 1522 2648 per
1543 2623 1587 2640 me
1609 2615 1782 2641 Jeronimum
1804 2615 1848 2642 die
1870 2616 1958 2642 XXII
1980 2617 2080 2650 aprilis.
2119 2618 2162 2643 Ex
2184 2618 2254 2644 libro

1199 2657 1303 2683 domini
1320 2657 1453 2683 Gabrielis
1468 2658 1571 2684 Rovira
1586 2659 1674 2695 clerici
1689 2659 1800 2693 collegii.
1831 2660 1882 2685 Die
1899 2661 1931 2686 18
1946 2661 2024 2686 Febr.
2043 2662 2110 2687 1468
2125 2662 2255 2688 Nicolaus

1199 2701 1234 2727 de
1251 2701 1410 2736 Bonaparte
1427 2710 1447 2727 s.
1468 2702 1571 2736 collegii
1589 2703 1701 2729 clericus
1719 2704 1868 2737 resignavit
1886 2704 1979 2730 officio
1996 2713 2046 2730 suo
2064 2705 2208 2731 clericatus
2226 2706 2254 2732 in

1200 2745 1326 2771 manibus
1350 2745 1382 2772 G.
1406 2746 1526 2780 episcopi
1549 2746 1666 2777 Ostien.,
1683 2756 1703 2772 s.
1722 2747 1826 2781 collegii
1849 2749 1999 2779 camerarii,
2023 2752 2051 2774 et
2067 2750 2193 2783 sequenti
2209 2750 2254 2776 die

1201 2789 1317 2815 Sababti
1331 2790 1364 2816 23
1378 2790 1443 2824 Apr.
1461 2791 1528 2816 1468
1544 2790 1694 2816 Guilelmus
1709 2791 1754 2822 <de
1768 2792 1962 2824 Estoutevilla)
1976 2801 2018 2826 ep.
2035 2793 2149 2824 Ostien.,
2164 2802 2184 2819 s.
2200 2794 2253 2820 col-

1200 2833 1260 2867 legii
1281 2833 1307 2860 S.
1329 2834 1362 2859 R.
1383 2834 1415 2859 E.
1436 2834 1509 2860 card.
1530 2835 1703 2866 camerarius,
1722 2835 1757 2861 de
1776 2836 1897 2869 ipsorum
1917 2837 2040 2862 omnium
2060 2837 2206 2863 voluntate
2224 2840 2253 2864 ct

1199 2885 1332 2903 consensu
1351 2878 1463 2904 admisit
1482 2881 1511 2904 et
1530 2879 1674 2904 constituit
1694 2887 1737 2905 me
1757 2879 1930 2906 Jeronimum
1951 2880 2076 2912 Junium,
2097 2881 2168 2907 decr.
2189 2881 2252 2907 doc-

1199 2924 1296 2952 torem,
1320 2922 1482 2948 canonicum
1507 2922 1704 2953 Florentinum,
1729 2923 1757 2948 in
1781 2923 1908 2949 clericum
1932 2924 2016 2958 ipsius
2040 2933 2060 2951 s.
2086 2925 2199 2959 collegii,
2224 2928 2253 2951 et

2040 2973 2076 3005 5.
