2436 3328
74 310 141 348 iob.
165 315 278 347 Jacobi
300 316 404 355 (1439)

65 371 130 407 ει·
154 368 226 400 Joa.
250 368 291 399 ad
316 368 488 409 Syracus.1)

63 421 140 468 job.
163 421 283 462 (Bern.)
305 421 465 453 Michaelis

543 317 682 350 Joannes
706 318 835 350 Garsiae
858 319 894 351 Ο.
918 320 1029 352 Praed.

59 520 70 543 ἶ·
78 522 139 577 (01).
163 527 296 559 Joannis

96 593 106 610 n
120 604 128 613 .
149 579 236 612 Petri
257 579 298 612 ad
321 580 467 613 Barchin.

71 631 138 671 iob.
160 632 320 664 Michaelis

57 764 137 825 zob.
160 791 354 832 (Bertrandi)

69 844 137 881 [fob.
161 844 334 885 Guilelmi2)

53 987 137 1053 seb.
149 1003 188 1036 G.
199 1014 228 1035 a.
239 1014 264 1035 s.
275 1015 304 1036 8.
317 1005 408 1044 (1463
421 1005 506 1047 Sep.)
539 1007 679 1039 Joannes
699 1007 739 1038 de
761 1008 902 1046 MareuiL
925 1020 973 1050 ep.
998 1009 1151 1051 Bajonen.

66 1055 136 1091 ¹ob.
162 1057 295 1089 Joannis
319 1059 423 1098 (1483)

85 1220 126 1250 tr.
151 1217 202 1249 Jo.
225 1217 266 1249 ad
289 1217 487 1258 Berythen.¹)

51 1275 63 1306 J
86 1270 138 1303 ob.
157 1270 228 1302 Ber.
249 1271 341 1310 (1485
359 1271 435 1302 Dec.
458 1273 507 1311 12)

50 1325 62 1358 f
85 1323 137 1356 ob.
154 1324 230 1355 Ant.
248 1325 340 1364 (1499
358 1324 423 1356 Jul.
440 1325 492 1364 21)

538 1219 716 1251 Bernartius
739 1220 779 1259 (le
802 1220 913 1260 Blanc)
927 1221 951 1260 ²)

85 1482 136 1516 ob.
159 1483 280 1514 Nicolai

84 1539 125 1568 tr.
146 1535 247 1568 Math.
269 1536 310 1568 ad
331 1537 484 1578 Vesprim.

47 1595 55 1610 -·
84 1589 135 1622 ob.
158 1589 244 1621 Petri

49 1647 50 1650 ’
84 1642 136 1675 ob.
157 1643 315 1676 Vincentii

536 1538 646 1570 Petrus
668 1538 836 1579 Agmandi,
858 1539 941 1570 decr.
964 1539 1076 1571 doctor

536 1591 728 1627 Vinoentius‚
751 1603 820 1623 can.
843 1592 1050 1633 Waradien.1)

42 1803 46 1805 λ
85 1822 186 1854 prom.
209 1811 271 1843 Alf.
294 1811 335 1843 ad
356 1812 441 1844 card.

43 1898 46 1902 .
84 1875 145 1896 ass.
167 1864 230 1896 Alf.
253 1865 285 1896 in
309 1864 340 1896 S.
363 1865 398 1897 P.

84 1928 144 1950 ass.
167 1918 249 1949 Rod.
272 1917 304 1949 in
329 1917 359 1950 S.
383 1918 418 1949 P.

36 1967 48 1984 ³
84 1981 142 2003 res.
165 1971 252 2003 Caes.
274 1971 392 2002 admin.

41 2015 47 2039 .'
85 2023 136 2056 ob.
158 2024 232 2056 Joh.
251 2024 336 2056 card.
357 2024 471 2066 Borgia

537 1866 708 1898 Rodericus
729 1866 768 1897 de
792 1866 898 1908 Borja,
921 1867 956 1898 in
976 1867 1093 1899 admin.

537 1920 650 1951 Caesar
670 1919 709 1950 de
732 1919 838 1961 Borja,
862 1920 899 1951 el.
923 1920 1167 1961 Pampilonen.¹)

539 1973 679 2004 Joannes
700 1972 739 2003 de
762 1972 895 2014 Borja,2)
918 1974 954 2004 in
974 1973 1090 2005 admin.

547 2123 679 2150 Usseuen.

39 2238 41 2243 .
83 2212 113 2237 et
129 2209 286 2236 ’.ΓΘΗ-8111811.
306 2210 343 2236 ad
361 2211 479 2236 invicem
498 2211 640 2236 uniuniaur.

34 2246 47 2292 f
153 2254 176 2287 ²)
194 2254 227 2281 A.
254 2255 321 2281 1503
344 2254 458 2280 ecclesia
481 2255 613 2281 Ussellen.
638 2255 672 2281 de
693 2263 767 2281 novo
784 2256 879 2281 unitur
897 2264 959 2282 cum
975 2256 1141 2288 Terralb'en„

32 2310 46 2332 ,ἡ
84 2298 133 2326 md
160 2299 228 2327 1507
255 2299 320 2326 Jan.
347 2299 382 2326 18
408 2307 458 2334 pet
482 2299 527 2325 ob.
556 2299 601 2326 Jo.
628 2299 671 2326 Cr.
696 2300 767 2326 alter
786 2300 910 2327 Joannes
932 2300 966 2326 fit
985 2309 1027 2335 ep.
1047 2301 1109 2328 Usa.

257 2371 260 2375 .
559 2353 664 2379 Uticen.

152 2395 174 2428 ¹)
193 2395 240 2422 Ita
260 2398 294 2422 ut
315 2395 457 2422 ecclesiam
479 2396 606 2422 Laudun.
629 2405 692 2422 cum
715 2396 775 2422 aliis
797 2397 966 2424 comendis
987 2398 1039 2423 sibi
1061 2398 1142 2425 factis

42 2436 43 2439 ¹
82 2440 209 2471 retineat,
228 2441 367 2474 resignata
386 2443 480 2466 tamen
499 2441 562 2466 eccl.
584 2441 748 2467 Nemausen.

152 2484 174 2516 Ι)
193 2483 233 2511 Et.
252 2493 341 2511 revoc.
364 2485 543 2510 commendae
564 2485 653 2510 Alano
673 2493 733 2518 epo.
756 2485 852 2511 Dolen.
875 2485 974 2516 factae,
997 2494 1094 2512 reserv.
1117 2487 1141 2512 ei

42 2540 53 2562 ῃ
82 2530 159 2555 certa.
173 2537 267 2555 annua
281 2537 368 2563 pens„
383 2537 455 2562 quae
469 2532 564 2555 tamen
579 2529 655 2554 nulla
668 2529 714 2560 sit,
730 2529 752 2554 si
767 2529 838 2555 infra
855 2530 888 2555 15
902 2529 960 2555 dies
975 2538 1023 2563 per
1037 2538 1140 2556 novum

36 2571 53 2595 5
82 2579 174 2607 epum.
223 2572 332 2599 Uticen.
358 2573 506 2607 requisitus
530 2574 728 2607 possessionem
753 2573 837 2607 ipsius
862 2573 925 2599 ecel.
952 2573 1059 2600 Uticen.
1085 2583 1141 2600 non

42 2644 43 2649 ,
82 2616 256 2643 relaxaverit.

37 2657 39 2659 ’
151 2660 175 2693 ⁸)
193 2660 289 2695 Usque
303 2660 340 2687 811
354 2669 379 2687 a.
395 2662 429 2689 27
444 2661 474 2687 in
488 2661 600 2692 admin„
616 2661 679 2687 dein
694 2661 724 2687 in
739 2670 826 2694 epum.
856 2661 910 2687 011·-
928 2661 1023 2687 Dolen.
1041 2665 1097 2688 not.
1114 2664 1138 2689 3.

151 2705 174 2737 ⁴)
193 2705 246 2731 Per
264 2705 365 2739 provis.
385 2708 474 2739 apost.
495 2706 512 2731 2
533 2706 608 2740 Sept.
631 2706 698 2731 1483
719 2706 837 2733 Iacobus
855 2705 890 2731 de
909 2713 929 2731 S.
953 2705 1069 2737 Gelasio,
1089 2706 1139 2732 cle-

34 2737 38 2741 .
81 2748 154 2775 ricus
167 2748 253 2775 dioec.
269 2749 428 2780 Nivemen„
443 2749 572 2776 ecelesiae
586 2750 695 2776 Uticen.
712 2750 867 2783 praefectus
882 2752 924 2775 est
939 2749 967 2775 in
982 2750 1140 2784 episcopum

32 2818 41 2825 „
81 2789 155 2825 (Obl.
173 2793 216 2824 83,
232 2793 287 2825 85).
320 2793 372 2819 Die
387 2794 404 2819 9
421 2793 488 2820 Jun.
507 2794 574 2821 1497
593 2794 619 2820 S.
638 2794 667 2820 P.
686 2794 863 2820 confirmavit
879 2793 1053 2820 concordiam
1070 2795 1141 2820 inter

32 2838 35 2839 ⁷
81 2835 227 2864 Nicolaum
246 2839 276 2863 et
295 2837 433 2863 Jacobum
453 2838 608 2871 praedictos
627 2838 735 2868 initam,
765 2839 804 2863 ita
831 2841 863 2863 ut
882 2837 1012 2863 Nicolaus
1031 2838 1059 2863 in
1079 2847 1139 2872 pos-

81 2881 201 2907 sessione
215 2883 377 2912 remaneret,
393 2889 426 2907 eo
441 2884 535 2907 autem
551 2882 665 2908 cedente
681 2882 724 2908 vel
740 2882 889 2908 decedente
905 2881 932 2913 (†
948 2882 964 2907 3
980 2881 1041 2907 Oet.
1061 2883 1138 2914 1503)

38 2918 45 2961 ⁴¹
82 2923 206 2954 ,Iacobus
226 2924 385 2951 succederet
406 2925 463 2957 (Ac
484 2925 588 2952 Camer.
612 2926 635 2956 I,
657 2927 710 2957 55).

540 370 718 402 Bernartius
739 372 900 403 Michaelis
924 373 959 404 O.
984 373 1106 411 Praed.,
1130 385 1212 415 mag.
1237 375 1331 406 theol.

540 423 699 455 Antonius
722 424 762 456 de
787 425 865 456 Bich
891 425 1006 465 (Vich),
1032 437 1100 458 can.
1126 427 1248 459 Dolien.

73 477 80 483 ’“
93 498 503 508 ..........
542 476 681 509 Joannes
704 477 743 508 de
767 477 797 509 la
822 478 923 516 Bona,
949 479 1026 510 solv.
1052 490 1132 511 serv.
1158 491 1271 512 comm.

64 515 72 521 .
539 529 650 561 Petrus
676 530 815 568 Garsiae,
842 542 924 572 mag.
951 532 982 562 in
1008 536 1068 564 art.
1094 537 1127 564 et
1152 533 1247 565 theol.

539 582 675 615 Michael
699 583 847 624 Danyon,
873 584 974 615 adiac.
1001 585 1039 616 de
1065 586 1265 628 Calatajubio

541 636 680 668 Joannes
707 637 834 678 (Crespo
862 637 897 668 O.
926 637 978 668 Er.
1005 649 1029 669 8.
1058 639 1120 678 A.),
1147 650 1195 680 ep.
1223 640 1391 680 Castren.2)

678 727 836 763 Uticen.
861 728 991 770 (Uzes)
1016 730 1050 762 in
1075 731 1190 772 Gallia,
1215 732 1306 765 suffr.
1329 733 1518 771 Narbonen.
1543 734 1647 775 (1000
1669 735 1716 775 ss.)

541 795 713 826 Guilelmus
739 795 790 834 (de
816 795 1044 837 Champeaux),
1071 808 1119 839 ep.
1147 798 1359 838 Laudunen.¹)

541 847 713 879 Guilelmus
738 848 912 889 (Soybert),
938 860 1081 891 praepos.
1107 851 1164 892 ips.
1190 851 1263 883 eccl.

69 891 126 932 (ᾗ.
151 897 234 930 Guil.
258 898 299 929 ad
323 898 506 940 Carpentor.
540 900 693 932 Oliverius
713 901 752 932 de
773 901 894 939 Castro,
917 907 1077 943 protonot.
1099 908 1213 945 apost„
1235 906 1273 935 26
1294 916 1322 936 a.
1345 916 1448 946 agenS.

55 959 57 963 ¹
91 974 501 984 ..........
541 953 664 986 Gabriel
689 954 728 985 de
754 954 874 992 Castro,
902 959 1063 996 protonot.
1090 957 1220 998 apost.³)

537 1060 683 1092 Nicolaus
706 1060 911 1102 (Malagrassi,
934 1063 1131 1104 Maugras),⁴)
1154 1063 1191 1095 el.

538 1273 696 1304 Antonius
720 1274 831 1306 Petrus
855 1285 872 1305 e
898 1275 1047 1306 vicecom.
1074 1275 1113 1307 de
1138 1275 1289 1307 Narbona
1301 1276 1326 1316 ³)

539 1326 714 1358 Ludovicus
738 1326 778 1357 de
803 1327 954 1358 Narbona
980 1328 1029 1368 (Ο.
1057 1328 1144 1366 cist„
1171 1328 1190 1368 †
1216 1329 1305 1368 1519)
1319 1329 1343 1369 4)

535 1645 682 1676 nicolaus
705 1644 744 1676 de
770 1645 901 1683 Bethor,
926 1656 1069 1687 praepos.
1095 1646 1152 1687 ips.
1178 1647 1251 1678 eccl.
1277 1647 1310 1687 (†
1335 1647 1424 1687 1507)

538 1812 622 1843 idem
646 1813 797 1844 Allonsus
821 1813 860 1844 de
886 1813 983 1855 Borja
1008 1815 1124 1846 retinet
1148 1815 1220 1847 8001.
1247 1816 1405 1848 Valentin.

536 2026 647 2057 Petrus
669 2026 844 2058 Ludovicus
868 2026 975 2068 Borja,
999 2027 1088 2059 miles
1112 2027 1148 2058 O.
1173 2038 1197 2059 s.
1224 2028 1298 2059 Joh.
1323 2028 1436 2068 Hier.³)

154 2165 176 2199 ι)
195 2165 234 2192 Et
255 2165 373 2192 ‚Ioannis
392 2166 445 2200 epi.
467 2166 623 2192 Terralben.
645 2166 682 2192 ad
704 2166 838 2193 Gabulen.
861 2167 988 2194 ecclesiae
1010 2168 1141 2195 Ussellen.
1204 2200 1210 2206 ·

668 153 870 192 Ussellen„
894 155 1057 193 Uticen„
1080 156 1258 194 vabren„
1281 157 1464 195 Wacien„
1488 158 1734 194 valentinen.
2247 165 2306 196 26¹

670 250 868 286 Unellen.
893 252 1013 295 (Ales)
1037 254 1070 286 in
1097 254 1257 295 Sardinia,
1281 256 1371 288 suffr.
1397 256 1558 288 Arboren.
1583 258 1661 296 (120
1682 258 1732 300 ss.)

1497 325 1573 354 1439
1597 324 1673 355 Julii
1698 326 1711 355 l
1786 325 1855 357 Obl.
1879 327 1927 363 66,
1950 327 1988 358 47

1496 378 1573 407 1444
1596 377 1665 408 Oct.
1691 379 1726 408 16
1785 378 1855 410 Obl.
1879 379 1927 416 72,
1950 379 1968 410 7

1495 431 1573 460 1454
1594 430 1670 461 Dec.
1695 432 1731 461 18
1785 431 1854 463 Obl.
1878 432 1926 469 72,
1950 434 1988 463 64

1496 484 1572 513 1463
1594 483 1669 514 Dec.
1695 485 1731 514 18
1785 484 1854 516 Obl.
1878 485 1926 522 79,
1950 485 1987 516 77

1496 537 1572 566 1484
1596 536 1673 567 Julii
1694 538 1730 567 21
1786 537 1865 569 sixt.
1885 538 1930 570 IV
1946 538 2017 570 Lat.
2036 550 2063 570 a.
2086 541 2121 571 13
2139 540 2157 571 l.
2178 542 2192 571 1
2211 541 2232 572 1.
2253 543 2309 572 159

1496 590 1573 619 1490
1596 590 1683 620 Junii
1707 591 1744 620 14
1784 590 1835 622 AC
1857 591 1977 623 Camer.
2002 592 2026 629 I,
2052 594 2089 623 10

1495 643 1571 672 1493
1595 642 1664 674 Oct.
1687 644 1705 673 2
1784 643 1835 675 AC
1857 644 1976 676 Camer.
2001 645 2026 682 Ι,
2050 647 2088 676 35

1493 802 1567 831 1441
1591 801 1665 832 Maii
1690 802 1725 833 17
1782 802 1851 834 Obl.
1876 804 1923 840 66,
1947 805 1985 834 56

1494 855 1569 884 1445
1594 854 1670 885 Julii
1695 856 1730 886 12
1782 855 1851 887 Obl.
1875 856 1923 893 72,
1947 858 1965 886 9

1493 907 1569 937 1446
1591 907 1665 938 Μ811
1687 909 1727 938 30
1782 908 1851 940 Obl.
1875 909 1923 946 72,
1950 911 1984 940 13

1493 960 1569 990 1449
1590 960 1666 992 Dec.
1689 962 1707 992 3
1782 961 1851 992 Obl.
1875 962 1923 999 72,
1946 964 1985 993 39

1492 1014 1568 1096 {133
1590 1013 1678 1108 {⁶1³1}
1692 1015 1741 1097 828
1779 1016 1791 1110 ll
1844 1041 1963 1073 Schede
1984 1041 2017 1073 di
2040 1042 2190 1084 Garampi

562 1151 737 1186 Vahren.
761 1153 944 1196 (Vabres)
968 1155 1007 1187 0.
1032 1134 1065 1188 s.
1090 1155 1128 1188 B.
1152 1155 1186 1187 in
1210 1156 1326 1196 Gallia,
1349 1157 1441 1190 suffr.
1465 1158 1643 1190 Biturieen.
1668 1160 1769 1200 (1000
1791 1160 1841 1201 ss.)

1494 1226 1570 1255 1453
1594 1225 1682 1256 Junii
1703 1226 1743 1256 20
1782 1226 1852 1257 Obl.
1875 1227 1924 1264 72,
1946 1229 1985 1258 56

1494 1278 1570 1308 1486
1593 1278 1667 1320 Apr.
1689 1280 1728 1309 24
1782 1279 1852 1310 Obl.
1875 1281 1924 1317 83,
1949 1281 2003 1311 101

1493 1332 1569 1361 1499
1591 1331 1671 1372 Aug.
1694 1333 1712 1362 2

1781 1333 1833 1363 AC
1855 1333 1975 1365 Camer.
1998 1334 2024 1372 I,
2047 1334 2085 1366 76

536 1417 719 1452 Wacien.
743 1417 870 1458 (thz,
895 1419 1088 1460 Waitzen)
1112 1421 1146 1452 in
1171 1421 1350 1462 Hungaria,
1374 1422 1465 1454 suffr.
1490 1423 1688 1464 Strigonien.
1712 1424 1790 1463 (500
1813 1425 1861 1466 fl.)

536 1485 673 1516 Mathia-s
698 1485 738 1516 de
766 1485 972 1523 Gatalowetz,
1000 1497 1142 1528 praepos.
1175 1487 1395 1530 Quinqueeccl.

1493 1491 1570 1520 1438
1593 1490 1666 1521 Jan.
1689 1492 1708 1521 8
1782 1491 1851 1522 Obl.
1875 1493 1923 1530 66,
1946 1493 1984 1523 39

1493 1543 1571 1573 1440
1591 1543 1666 1574 Maii
1687 1545 1705 1574 9
1781 1544 1851 1575 Obl.
1874 1546 1923 1582 66,
1946 1546 1984 1576 52

1493 1596 1570 1626 1450
1593 1596 1670 1627 Julii
1694 1596 1729 1627 17
1781 1597 1851 1628 Obl.
1874 1597 1923 1636 72,
1945 1599 1984 1629 42

1493 1648 1569 1680 1474
1591 1649 1666 1690 Apr.
1689 1651 1727 1680 22
1781 1650 1850 1682 Obl.
1873 1652 1922 1689 83,
1945 1653 1984 1682 32

342 1744 600 1780 Valentinum.
626 1745 842 1788 (valencia)
866 1747 901 1778 in
927 1747 1098 1788 Hispania,
1122 1748 1212 1780 suffr.
1237 1749 1469 1787 Terraconen..
1493 1749 1535 1782 ab
1558 1761 1587 1783 a.
1614 1751 1698 1784 1458
1721 1753 1860 1793 metrop.
1886 1753 1988 1793 (5000
2010 1754 2056 1793 ss.)

1492 1818 1569 1848 1444
1590 1818 1665 1849 Maii
1686 1820 1704 1850 2
1780 1818 1849 1850 obl.
1873 1819 1921 1857 72,
1945 1822 1963 1850 6

1492 1871 1568 1901 1458
1592 1862 1679 1902 Junii
1701 1872 1741 1903 30

1491 1924 1567 1954 1492
1590 1924 1669 1965 Aug.
1692 1926 1728 1955 31

1491 1977 1567 2014 1499
1591 1977 1678 2018 Sept.
1701 1979 1719 2008 6

1491 2030 1568 2059 1500
1591 2030 1667 2061 Julii
1689 2032 1727 2064 29

1781 1871 1900 1904 Schede
1922 1873 1953 1904 di
1978 1873 2128 1916 Garampi

1779 1925 1831 1956 AC
1852 1926 1972 1957 Camer.
1996 1926 2021 1964 Ι,
2044 1928 2083 1958 25

1779 1978 1830 2009 AC
1852 1979 1971 2011 Camer.
1996 1980 2021 2017 Ι,
2044 1980 2083 2011 78

1778 2031 1830 2062 AC
1852 2032 1971 2064 Oamer.
1995 2033 2021 2070 I,
2043 2033 2082 2064 87

1719 2128 1833 2155 Vabren.

1319 2169 1340 2201 ¹)
1360 2169 1471 2195 Reserv.
1488 2170 1513 2196 ei
1528 2178 1621 2196 annua
1637 2179 1711 2205 pena.
1729 2172 1781 2198 400
1803 2172 1830 2198 fl.
1857 2175 1885 2198 et
1911 2174 2108 2208 praepositura,
2134 2184 2218 2209 quam
2242 2185 2300 2203 suc·

1249 2221 1338 2239 cessor
1356 2214 1478 2240 tenebat.

1318 2257 1340 2289 ²)
1360 2257 1487 2292 Praepos.
1507 2258 1570 2284 eccl.
1592 2259 1617 2284 b.
1637 2259 1739 2285 Mariae
1759 2260 1938 2287 Beuimontis.

1318 2302 1340 2333 ³)
1359 2301 1453 2328 Abbas
1476 2311 1548 2328 mon.
1573 2303 1760 2338 Fontisfrigidi
1783 2304 1814 2330 Ο.
1839 2305 1904 2331 Oist.
1929 2305 2013 2332 dioec.
2038 2307 2159 2333 Narbon.

1318 2345 1339 2377 ⁴)
1358 2345 1408 2372 Oui
1428 2354 1526 2372 reserv.
1548 2355 1620 2373 mon.
1644 2347 1847 2375 Grandissilvae
1867 2349 1952 2375 dioec.
1974 2350 2118 2377 Tholosan.
2140 2354 2170 2378 et
2188 2353 2298 2379 conoed.

1247 2389 1275 2415 in
1295 2398 1393 2415 comm.
1414 2399 1487 2416 mon.
1509 2391 1696 2425 Fontisfrigidi
1715 2401 1774 2418 vac.
1796 2401 1843 2426 per
1862 2393 1905 2419 ob.
1928 2393 1992 2420 Ant.
2014 2395 2089 2421 Petri
2108 2396 2167 2429 epi.
2180 2396 2297 2423 Vabren.

1716 2446 1835 2473 Wnoien.

1318 2486 1338 2519 ι)
1362 2486 1415 2518 Qui
1433 2487 1490 2520 jam
1509 2489 1525 2513 8
1544 2487 1612 2522 Aug.
1635 2489 1702 2514 1449
1720 2489 1757 2514 illi
1776 2490 1904 2516 ecclesiae
1922 2499 1981 2516 vac.
2002 2499 2050 2525 per
2068 2494 2101 2518 tr.
2122 2493 2206 2526 ipsius
2225 2493 2297 2519 Petri

1247 2530 1283 2556 ad
1301 2531 1481 2562 Transilvan„
1505 2532 1552 2565 qui
1571 2532 1682 2566 quidem
1700 2532 1763 2559 huic
1782 2534 1875 2560 transl.
1896 2542 1952 2560 non
1970 2536 2116 2566 consensit,
2144 2537 2298 2570 praefectus

1247 2577 1289 2601 est
1308 2575 1335 2601 in
1354 2583 1444 2609 epum.

1688 2621 1857 2649 Valentiam.

1317 2663 1338 2695 ι)
1357 2663 1407 2689 Cui
1433 2663 1514 2689 simul
1540 2664 1650 2690 eonced.
1678 2665 1707 2690 in
1733 2673 1831 2691 comm.
1860 2674 1933 2692 mon.
1962 2667 2145 2702 Vallisdignwe
2171 2668 2203 2695 Ο.
2231 2669 2295 2695 cist.

1246 2707 1331 2733 dioec.
1353 2707 1490 2733 valentin.
1511 2707 1542 2733 Ο.
1563 2708 1628 2734 Cist.
1650 2717 1698 2742 per
1716 2709 1832 2735 eandem
1851 2718 1902 2736 ass.
1923 2719 1983 2736 vac.

1316 2751 1338 2783 ²)
1359 2751 1386 2778 S.
1409 2751 1512 2777 Mariae
1533 2752 1561 2777 in
1582 2752 1628 2778 via
1649 2752 1707 2778 lata
1727 2753 1796 2779 diae.
1819 2754 1892 2780 casd.

1315 2795 1337 2827 ³)
1357 2795 1453 2821 Frater
1470 2795 1541 2821 illius
1559 2796 1623 2822 Joh.
1642 2796 1715 2822 card.
1751 2797 1800 2823 Oui
1818 2797 1928 2824 conced.
1946 2798 1975 2824 in
1993 2806 2091 2826 comm.
2110 2808 2183 2826 mon.
2202 2800 2296 2827 Vallis-

1245 2839 1344 2873 dignae
1355 2839 1440 2866 dioec.
1455 2839 1593 2866 Valentin.
1607 2840 1639 2866 Ο.
1653 2840 1718 2867 cist.
1732 2843 1761 2866 et
1773 2849 1793 2867 Β.
1809 2841 2004 2876 Symphoriani
2016 2843 2161 2871 Mediolon.
2175 2843 2207 2871 Ο.
2223 2845 2249 2871 S.
2265 2845 2296 2871 Β.

1245 2883 1316 2915 (vac.
1329 2892 1376 2917 per
1385 2892 1435 2910 res.
1447 2884 1492 2910 Jo.
1503 2883 1576 2909 card.
1587 2884 1708 2918 Capuan.
1714 2886 1730 2917 ).
1745 2885 1837 2911 Mense
1849 2885 1924 2920 Sept.
1938 2895 1963 2912 a..
1976 2887 2044 2914 1500
2056 2887 2084 2913 in
2096 2887 2122 2915 S.
2134 2888 2168 2914 R.
2180 2888 2211 2914 E.
2222 2889 2295 2916 card.

1246 2931 1389 2961 promotus
1410 2928 1510 2954 retinet
1531 2928 1594 2954 eccl.
1617 2928 1804 2960 Valentinen.;
1826 2930 1942 2956 moritur
1962 2939 1986 2957 a.
2012 2932 2086 2958 1511.
