2436 3328
740 172 777 208 S.
800 173 844 208 R.
865 172 909 207 E.
934 171 1165 208 Cardinales
1188 172 1408 207 secundum
1431 172 1572 207 titulos

862 276 892 307 S.
920 275 1094 307 Mariae
1125 276 1170 306 in
1201 275 1452 307 cosmedin.

52 346 201 389 (Lucidus
220 345 260 378 de
280 345 465 382 comitibus,
491 349 650 387 protonot.
676 350 778 387 apost.
805 346 843 385 (I,
868 347 930 385 24),
956 356 997 376 cr.
1026 347 1098 375 1411
1128 346 1203 376 Jun.
1229 347 1257 382 6,
1283 346 1301 385 †
1328 346 1403 377 1437
1431 346 1516 387 Sept.
1542 348 1589 385 9;)

50 398 260 443 ssnymundus
281 398 425 436 Peraudi,
447 409 495 439 ep.
520 399 653 430 Gurcen.
677 399 749 438 (IX,
776 400 834 438 10),
857 410 898 429 cr.
924 399 999 429 1493
1023 398 1109 439 Sept.
1133 399 1181 435 20,
1204 402 1243 429 tr.
1266 399 1306 429 ad
1328 410 1351 430 8.
1375 399 1487 431 Vitalis
1509 410 1534 430 c.
1558 410 1586 430 a.
1612 401 1702 436 1496;

22 451 196 495 Abysius
215 452 255 483 de
276 451 443 492 Aragonia,
465 455 624 493 protonot.
647 455 748 493 apost.
771 452 843 490 (IX,
868 453 927 490 14),
949 462 990 482 cr.
1013 462 1038 482 8.
1061 462 1157 482 mens.
1180 451 1253 482 Maii
1278 453 1363 488 1494,
1386 452 1471 492 publ.
1494 463 1521 483 a.
1547 453 1623 483 1496
1645 453 1693 483 vel
1717 453 1803 489 1497,
1825 453 1844 492 †
1867 455 1943 484 1519
1967 454 2041 485 Jan.
2065 455 2119 491 213

862 558 904 602 ι8.
932 558 1181 589 Μαι-188111
1212 559 1443 590 Domnica.

14 620 175 670 'i‘J'fPettrus
195 628 402 660 Maurocenus
424 629 608 668 (Morosini),
632 632 791 669 protonot.
816 633 918 668 apost.
944 628 982 667 (I,
1007 630 1068 667 25),
1094 639 1135 658 cr.
1163 630 1239 659 1408
1265 629 1350 670 Sept.
1378 630 1423 665 19,
1449 629 1467 668 †
1493 630 1569 659 1424
1593 629 1672 670 Aug.
1700 631 1764 668 11;)

17 676 162 726 fPetrus
185 681 370 713 Gundisalvi
391 682 430 713 de
451 682 614 718 Mendoza,
635 692 683 722 ep.
709 681 869 722 Seguntin.
894 681 978 719 (VII,
1001 683 1042 719 6),
1065 692 1106 712 cr.
1132 682 1207 712 1473
1229 682 1301 712 Maii
1324 682 1352 718 7,
1375 686 1413 712 tr.
1436 682 1476 712 ad
1498 682 1547 712 tit.
1570 693 1594 712 s.
1617 682 1722 713 Crucis
1746 683 1822 713 1478
1845 683 1909 714 Jul.
1933 685 1965 719 6;

49 733 190 768 Fal-ricus
213 735 253 766 de
276 735 434 772 Cluniaeo,
460 736 509 766 tit.
535 746 559 765 8.
585 734 706 771 Vitalis,
733 738 771 765 tr.
797 745 825 764 a.
854 735 940 771 1482,
966 735 984 773 †
1011 735 1086 764 1483
1113 735 1181 766 Oct.
1209 735 1241 771 7;

50 788 190 820 Joannes
213 789 306 829 Bapt.
329 788 368 819 de
390 788 520 825 Ursinis,
543 791 702 829 protonot.
725 791 826 828 apost.
851 787 936 826 (VII,
959 789 1020 826 33),
1043 798 1084 818 cr.
1111 789 1186 818 1483
1209 788 1289 818 Nov.
1316 789 1361 824 15,
1383 788 1454 818 dein
1478 792 1516 818 tr.
1540 788 1580 818 ad
1601 788 1681 819 diac.
1704 800 1728 819 s.
1750 788 1868 820 Mariae
1890 800 2006 827 novae;

51 841 190 873 Joannes
211 841 250 872 de
272 841 409 878 Medicis,
430 844 588 882 protonot.
609 844 710 881 apost.
732 840 835 879 (VIII,
857 840 897 879 7),
919 851 959 870 cr.
984 842 1059 870 1489
1080 841 1171 871 Mart.
1193 842 1221 878 9,
1243 841 1327 881 publ.
1352 842 1427 871 1492
1447 841 1540 871 Mart.
1561 842 1610 878 26,
1630 842 1661 872 111
1684 841 1714 872 S.
1735 842 1769 872 P.
1791 846 1973 883 assumptus
1993 853 2021 873 a.
2045 844 2136 879 1513;

922 946 951 977 S.
978 946 1153 977 Mariae
1185 955 1339 978 novae.

50 1018 220 1058 (Amedeus
241 1018 280 1049 de
304 1017 441 1055 Salutiis,
465 1020 624 1058 protonot.
648 1021 750 1057 apost.
775 1016 814 1055 (I,
838 1018 900 1054 23),
924 1027 965 1047 cr.
992 1018 1067 1047 1383
1090 1016 1165 1047 Dee.
1189 1018 1237 1053 23,
1261 1017 1280 1056 †
1304 1018 1380 1047 1419
1405 1017 1480 1048 Jun.
1504 1019 1570 1055 28;)

51 1071 190 1103 «1118011118
213 1071 252 1102 (18
275 1070 440 1108 111811181118,
463 1070 543 1101 diac.
567 1081 592 1101 s.
616 1069 790 1106 Eustachii,
817 1074 855 1100 tr.
887 1094 893 1100 .
919 1094 925 1100 .
950 1095 972 1106 .,
997 1070 1015 1108 †
1042 1070 1113 1100 1431
1141 1069 1231 1100 Febr.
1257 1071 1289 1106 93

50 1123 162 1156 Petrus
183 1123 315 1161 Barbus,
336 1127 494 1164 protonot.
516 1126 618 1164 apost.
641 1122 697 1162 (II,
719 1124 781 1161 22),
803 1133 844 1152 cr.
870 1123 946 1152 1440
968 1122 1031 1153 Jul.
1058 1124 1082 1159 1,
1105 1126 1143 1153 tr.
1165 1123 1205 1153 ad
1227 1123 1276 1153 tit.
1299 1134 1322 1153 s.
1345 1123 1440 1154 Marci
1464 1124 1536 1153 1451
1563 1123 1638 1154 Jun.
1663 1125 1713 1160 16;

49 1177 232 1208 Franciscus
255 1176 412 1217 Gonzaga,
435 1180 594 1218 protonot.
619 1180 720 1216 apost.
747 1176 796 1214 (V,
824 1176 882 1213 12),
907 1186 948 1206 cr.
976 1176 1047 1205 1461
1076 1175 1149 1206 Dec.
1178 1177 1222 1212 18,
1247 1176 1266 1215 †
1291 1177 1366 1206 1483
1392 1176 1461 1207 Oct.
1485 1178 1538 1213 213

51 1229 190 1262 Joannes
211 1230 305 1271 Bapt.
327 1229 366 1260 de
387 1229 518 1266 Ursinis,
538 1240 562 1260 s.
584 1229 700 1259 Mariae
720 1229 751 1259 in
772 1229 864 1259 Dom.
886 1228 977 1265 diac„
998 1232 1036 1259 tr.
1059 1239 1084 1258 8.
1109 1230 1194 1265 1484,
1216 1233 1254 1259 tr.
1276 1229 1315 1259 ad
1338 1230 1387 1260 tit.
1409 1240 1448 1260 ss.
1472 1230 1604 1260 Joannis
1624 1233 1656 1259 et
1676 1229 1765 1260 Pauli
1788 1231 1864 1260 1493
1885 1230 1975 1261 Febr.
1997 1230 2050 1265 27;

49 1282 162 1316 Caesar
182 1282 288 1324 Borja,
311 1282 348 1313 el.
372 1293 440 1323 aep.
465 1282 622 1314 Valentin.
648 1281 720 1321 (IX,
745 1283 787 1320 5),
811 1292 852 1312 cr.
881 1283 956 1312 1493
982 1281 1068 1322 Sept.
1093 1282 1141 1318 20,
1166 1282 1276 1322 resign.
1304 1283 1380 1312 1498
1404 1283 1483 1323 Aug.
1511 1282 1560 1319 17;

48 1335 258 1377 Baymundus
278 1335 422 1373 Peraudj,
445 1335 495 1366 tit.
518 1346 542 1366 s.
565 1334 687 1372 Vitalis,
710 1339 749 1365 tr.
774 1335 849 1365 1499
872 1335 946 1376 Apr.
969 1336 1007 1365 29
1029 1336 1145 1373 (erecta
1166 1335 1238 1365 eccl.
1261 1346 1284 1365 s.
1307 1335 1348 1365 M.
1372 1347 1401 1366 n.
1424 1335 1454 1366 in
1477 1335 1527 1366 tit.
1550 1335 1676 1376 presb.),
1698 1335 1717 1374 †
1740 1336 1816 1366 1505
1840 1335 1926 1377 Sept.
1949 1337 1982 1373 5;

49 1387 231 1420 Franciscus
251 1388 290 1419 de
311 1388 409 1425 Loris,
431 1388 469 1419 el.
493 1388 603 1419 Elnen.
628 1387 700 1427 (IX,
723 1389 785 1426 43),
808 1398 849 1418 cr.
877 1388 952 1418 1503
975 1387 1048 1418 Maii
1071 1389 1119 1424 31,
1142 1388 1161 1427 †
1186 1388 1262 1418 1506
1287 1388 1350 1419 Jul.
1374 1389 1427 1425 22;

883 1494 913 1525 S.
941 1494 1114 1525 Mariae
1145 1494 1190 1524 in
1221 1494 1422 1525 Portica.

48 1563 187 1596 Joannes
209 1563 303 1605 Bapt.
325 1564 418 1601 Zeno,
441 1567 600 1605 protonot.
623 1568 725 1605 apost.
750 1564 816 1603 (VI,
840 1565 881 1603 9),
906 1575 947 1594 cr.
974 1565 1050 1595 1468
1074 1564 1154 1595 Nov.
1179 1566 1227 1602 21,
1252 1569 1290 1595 tr.
1315 1564 1355 1595 ad
1379 1565 1428 1595 tit.
1453 1575 1477 1595 8.
1502 1565 1687 1596 Anastasiae
1713 1565 1790 1596 1470
1812 1575 1853 1596 m.
1879 1565 1971 1596 Mart.
1998 1566 2061 1605 (2);

45 1617 170 1649 Marcus
190 1617 365 1654 Commius,
387 1620 546 1658 protonot.
569 1621 670 1658 apost.
694 1617 766 1656 (IX,
789 1618 850 1656 33),
873 1628 914 1647 cr.
940 1618 1017 1647 1500
1039 1617 1124 1658 Sept.
1147 1618 1195 1654 28,
1218 1622 1256 1648 tr.
1280 1618 1319 1648 ad
1342 1628 1365 1648 s.
1388 1617 1484 1648 Marci
1508 1619 1584 1648 1513
1608 1618 1754 1659 Sept..25
1777 1619 1839 1657 (?);

878 1724 907 1755 S.
935 1723 1109 1754 Mariae
1141 1724 1185 1754 in
1217 1724 1428 1755 vialata.

47 1791 243 1833 (Dominieus
263 1793 302 1824 de
323 1793 505 1835 Capranica,
527 1794 564 1825 el.
587 1794 724 1825 Firman.
747 1794 786 1833 (I,
808 1795 870 1833 45),
892 1805 933 1825 cr.
959 1795 1034 1824 1426
1056 1794 1129 1824 Maii
1151 1795 1199 1831 24,
1222 1798 1260 1824 tr.
1283 1795 1323 1825 ad
1345 1795 1395 1825 tit.
1417 1805 1441 1825 8,
1464 1795 1569 1825 Crucis
1590 1805 1631 1825 m.
1657 1795 1729 1826 Jan.
1754 1795 1858 1834 1444;)
1871 1794 1897 1834 1)

49 1845 188 1877 Joannes
209 1845 249 1877 de
270 1846 376 1888 Borja,
398 1846 436 1878 el.
459 1846 610 1878 Melfiten.
634 1847 706 1886 (IX,
730 1848 792 1886 20),
815 1858 856 1878 cr.
883 1848 959 1877 1496
982 1847 1072 1878 Febr.
1098 1848 1144 1884 19,
1167 1847 1186 1887 †
1211 1848 1288 1877 1500
1311 1848 1384 1878 Jan.
1411 1847 1461 1884 17;

47 1898 226 1931 Ludovicus
245 1899 284 1930 de
305 1899 411 1941 Borja,
431 1899 548 1930 electus
568 1900 725 1931 Valentin.
749 1900 821 1939 (IX,
843 1901 905 1939 24),
927 1911 968 1931 cr.
994 1901 1070 1930 1500
1093 1900 1178 1941 Sept.
1201 1901 1249 1937 28,
1272 1901 1291 1939 †
1314 1902 1386 1930 1511
1411 1900 1480 1932 Oct.
1503 1902 1521 1930 4
1543 1900 1592 1931 vel
1613 1902 1645 1937 53

753 2006 783 2037 S.
811 2006 996 2037 Nicolai
1027 2007 1071 2036 in
1103 2014 1291 2037 carcere
1323 2006 1553 2037 Tulliano.

46 2074 219 2106 Rodericus
239 2075 279 2106 de
300 2075 537 2117 Lanzol-Borja‚
559 2076 689 2107 sacrista
711 2076 908 2108 Valentinen.
932 2077 999 2116 (IV,
1022 2078 1064 2115 3),
1090 2087 1131 2107 cr.
1160 2077 1235 2107 1456
1262 2076 1347 2117 Sept.
1376 2076 1421 2113 17,
1448 2080 1486 2107 tr.
1512 2077 1552 2107 ad
1578 2077 1730 2108 Albanen.
1758 2077 1831 2107 1471
1859 2077 1938 2118 Aug.
1965 2077 2018 2113 30;

48 2128 188 2160 «Ioannes
210 2128 304 2170 Bapt.
327 2128 366 2159 de
390 2128 530 2165 Sabellis,
553 2139 576 2159 s.
599 2129 664 2160 Viti
686 2129 778 2167 diac„
801 2134 840 2160 tr.
864 2141 889 2160 8.
913 2141 941 2160 8.
967 2131 1053 2166 1483,
1077 2130 1096 2169 †
1120 2131 1196 2160 1498
1220 2129 1306 2170 Sept.
1332 2130 1383 2166 18;

47 2181 226 2213 Amenevus
246 2181 285 2212 de
306 2181 441 2212 Lebreto
463 2181 629 2220 (Albreto),
653 2186 812 2222 protonot.
836 2187 938 2223 apost.
964 2183 1035 2222 (IX,
1060 2184 1122 2221 23),
1146 2194 1187 2213 cr.
1217 2183 1292 2212 1500
1317 2182 1402 2223 Sept.
1428 2183 1476 2219 28,
1500 2183 1519 2222 †
1546 2183 1622 2213 1520
1644 2182 1719 2214 Dec.
1743 2183 1797 2219 20;

874 2289 930 2320 Ss.
961 2289 1112 2324 Sergii
1143 2289 1185 2320 et
1216 2288 1397 2319 Bacchi.

48 2357 174 2390 Gabriel
195 2358 346 2399 Rangone
369 2358 404 2389 O.
427 2358 514 2395 Min.,
537 2369 584 2399 ep.
608 2358 764 2399 Agriensis
787 2359 871 2398 (VII,
898 2360 956 2397 19),
979 2370 1020 2390 cr.
1046 2359 1120 2390 1477
1143 2359 1217 2390 Dec.
1244 2360 1289 2395 10,
1312 2359 1330 2399 †
1354 2360 1430 2389 1486
1454 2359 1540 2400 Sept.
1563 2358 1616 2396 27;

46 2408 200 2442 Haflaeus
221 2411 261 2443 de
284 2411 440 2448 Gerardis,
463 2415 545 2452 patr.
569 2411 678 2443 Venet.
704 2411 807 2450 (VIII,
830 2413 872 2450 6),
895 2422 936 2443 cr.
964 2413 1038 2442 1489
1062 2412 1153 2442 Mart.
1178 2414 1206 2449 9,
1230 2412 1248 2451 †
1274 2413 1348 2442 1492
1373 2411 1459 2452 Sept.
1486 2413 1535 2449 14;

49 2463 194 2496 Julianus
214 2463 253 2495 de
274 2463 456 2501 Caesarinis,
479 2468 638 2505 protonot.
661 2469 762 2505 apost.
786 2464 858 2503 (IX,
881 2466 922 2503 6),
945 2475 986 2495 cr.
1011 2466 1086 2495 1493
1110 2465 1196 2505 Sept.
1219 2465 1267 2501 20,
1290 2464 1342 2495 trf.
1365 2465 1404 2495 ad
1426 2464 1581 2506 s.'Angeli
1607 2466 1682 2495 1503
1706 2465 1780 2496 Jun.
1806 2466 1856 2503 12;

47 2515 230 2548 anciscus
250 2517 289 2548 de
312 2517 432 2558 Sprats,
454 2529 502 2559 ep.
526 2517 692 2558 Legionem.
716 2517 788 2556 (IX,
811 2519 873 2557 40),
897 2528 938 2548 cr.
967 2518 1041 2548 1503
1064 2518 1137 2551 Maii
1161 2519 1209 2554 31,
1234 2518 1343 2558 recipit
1367 2518 1416 2548 tit.
1444 2518 1519 2548 1503
1545 2518 1619 2548 Jun.
1647 2519 1692 2555 12,
1716 2518 1735 2558 †
1761 2519 1836 2549 1504
1862 2517 1948 2559 Sept.
1973 2519 2006 2555 9;

1003 2624 1033 2655 S.
1061 2623 1300 2655 Theodori.

46 2692 228 2724 Theodorus
247 2692 287 2724 de
307 2692 542 2731 Monteferrato,
568 2698 727 2735 protonot.
753 2698 854 2735 apost.
881 2693 948 2733 (VI,
973 2695 1015 2733 8),
1040 2705 1081 2724 cr.
1111 2694 1185 2724 1467
1212 2694 1297 2735 Sept.
1326 2695 1371 2731 18,
1397 2694 1415 2734 †
1443 2695 1518 2725 1484
1544 2694 1616 2725 Jan.
1642 2695 1695 2731 21;

47 2745 212 2777 Federicus
232 2745 272 2776 de
291 2756 316 2777 s.
341 2745 498 2783 Severino,
519 2751 678 2788 protonot.
701 2751 803 2788 apost,
826 2747 928 2786 (VIII,
950 2748 992 2786 8),
1014 2757 1055 2777 or.
1082 2748 1156 2777 1489
1178 2747 1269 2777 Mart.
1292 2748 1320 2784 9,
1344 2747 1427 2788 publ.
1450 2758 1478 2778 a.
1504 2748 1593 2778 1492.
1607 2772 1629 2783 .‚
1651 2751 1690 2778 tr.
1712 2746 1752 2778 ad
1774 2757 1797 2777 s.
1821 2746 1930 2787 Angeli
1954 2747 2045 2783 1513;

2230 175 2270 206 67

152 2903 174 2936 ¹)
195 2903 316 2930 Retenta
344 2904 405 2937 ipsa·
433 2903 560 2930 diaconia
586 2913 607 2931 s.
640 2905 743 2931 Mariae
771 2906 798 2931 in
822 2914 847 2931 ν.
873 2905 900 2935 1.,
928 2905 1006 2938 cujus
1038 2905 1151 2931 titulum
1180 2905 1215 2931 ab
1243 2904 1367 2938 Eugenio
1397 2904 1436 2931 1v
1466 2905 1577 2938 recepit,
1606 2905 1633 2930 in
1661 2905 1854 2930 commendam
1883 2904 1919 2930 ad
1948 2907 2059 2938 tempus
2082 2905 2172 2935 vitaez
2200 2912 2256 2938 quo

45 2950 156 2974 mortuo
178 2956 202 2974 a.
230 2949 296 2974 1458
320 2947 470 2974 audericus
493 2957 514 2974 s.
538 2948 598 2975 Nic.
623 2949 651 2974 in
674 2957 743 2975 carc.
767 2949 837 2975 diac.
863 2949 943 2975 simul
967 2949 1041 2974 illam
1065 2949 1219 2974 diaconiam
1244 2949 1270 2974 in
1294 2957 1392 2975 comm.
1417 2949 1568 2975 obtinuisse
1591 2949 1700 2975 dicitur.

2047 2997 2085 3029 9.
