2436 3328
460 182 682 223 Garnoten„
706 182 1042 227 carpentoraten..
1067 183 1353 228 Carthaginem
1379 183 1568 225 Gasalen„
1592 184 1794 220 casertan.
2178 189 2237 220 119

26 291 67 320 tr.
94 287 180 320 Petri
208 286 249 318 ad
277 285 441 317 Ebroicen.
473 286 584 317 Petrus
603 285 757 317 Bezebien
778 285 1007 326 (Bechebienfl)
1367 280 1379 287 ’
1426 288 1502 318 1443
1527 288 1599 318 Jan.
1625 289 1663 318 28
1714 288 1782 319 Obl.
1807 289 1855 325 66,
1879 290 1917 319 62

31 363 436 374 ..........
473 339 549 370 Milo
571 338 767 378 (d'Ilh'ers)⁵)‚
791 339 852 370 obl.
875 350 908 370 se
930 340 1081 381 person.⁶)
1426 341 1501 370 1459
1527 341 1603 381 Sept
1628 342 1659 371 11
1714 341 1782 372 Obl.
1807 342 1855 379 76,
1880 342 1937 373 173

25 403 100 427 ms.
121 392 244 424 Milonis
472 392 614 423 Renatus
635 392 760 423 Dilliers
783 392 951 432 (d'Illiers)‚
974 393 1023 424 110.
1047 393 1078 423 111
1101 397 1161 424 utr.
1185 393 1262 435 jure.
1426 394 1501 424 1492
1524 394 1600 425 Dec.
1623 396 1641 424 3
1716 395 1767 425 AC
1789 395 1910 426 Camer.
1934 395 1960 433 Ι,
1983 396 2022 426 29

466 508 799 552 carpentoraten.
825 509 1099 554 (Carpentras)
1123 512 1156 544 in
1181 513 1297 552 Gallia,
1321 513 1411 546 suffr.
1436 513 1601 546 Arelaten.
1626 513 1726 553 (1500
1750 514 1799 554 ss.)

24 596 64 627 fir.
88 594 159 636 Sag.
174 594 223 625 'ad
247 594 407 635 Spoletan.
478 595 650 627 Guilelmus
672 595 833 635 (Soibert),
857 606 904 636 ep.
929 596 1053 627 Uticen.
1427 599 1502 628 1446
1527 598 1600 628 Maii
1625 599 1664 628 30
1714 598 1783 629 Obl.
1808 598 1855 635 72,
1882 600 1917 629 13

23 647 75 680 ob.
99 647 271 686 Guilelmil)
478 649 627 684 Georgius
649 648 820 688 (d'Ornos),
843 648 918 679 olim
940 660 988 690 ep.
1012 649 1146 689 Vieen.²)
1427 652 1502 681 1449
1527 651 1603 682 Julii
1626 653 1660 682 21
1714 651 1783 682 Obl.
1808 651 1855 688 72,
1879 651 1917 682 37

22 700 74 732 ob.
99 700 223 741 Georgii
246 701 350 740 (1452)
474 702 609 733 Michael
629 701 787 742 Anglieus,
811 712 892 742 mag.
917 701 1011 733 theol.
1035 706 1068 733 et
1089 703 1229 734 subdiac.
1255 703 1285 734 S.
1309 703 1343 734 P.
1427 705 1502 734 1452
1524 704 1604 735 Nov.
1627 705 1667 735 20
1714 704 1783 735 Obl.
1808 704 1855 741 72,
1879 706 1917 735 53

23 752 87 794 (ob.
109 753 309 793 Michaelis)³)
477 755 622 786 Julianus
645 754 696 794 (de
718 754 865 794 Rovere),
889 766 985 796 nepos
1010 755 1040 786 S.
1064 755 1126 795 P.4)
1427 757 1499 788 1471
1529 757 1597 788 Oct.
1626 759 1661 787 16
1714 758 1783 789 Obl.
1808 759 1856 794 83,
1879 759 1918 788 22

22 810 63 838 tr.
87 806 152 838 Jul.
175 806 216 837 sd
238 807 373 838 Lausan.
475 808 638 839 Federicus
661 807 700 838 de
726 807 860 844 Saluoio,
886 812 1045 848 protonot.
1071 812 1184 850 apost„
1210 809 1244 840 in
1267 809 1382 840 admira.
1427 810 1502 841 1472
1528 811 1600 841 Jan.
1625 812 1659 841 21
1714 811 1783 842 Obl.
1808 812 1856 847 83,
1880 812 1918 841 23

27 884 438 891 ..........
474 861 583 892 Petrus
603 860 643 891 de
665 860 832 892 Valetariis
855 861 998 900 (sedebat
1019 861 1123 893 adhue
1148 863 1236 902 1514)
1427 864 1502 894 1483
1527 864 1596 894 Oct.
1622 865 1640 893 8
1716 864 1834 895 Sehede
1856 864 1888 895 di
1913 864 2063 906 Garampi

499 976 788 1022 carthaginen.
815 977 1065 1023 (Cartagena)
1088 980 1123 1012 in
1146 981 1319 1022 Hispania,
1342 982 1473 1014 immed.
1498 983 1582 1024 subj.
1607 984 1686 1024 (440
1709 983 1758 1025 ss.)

24 1066 64 1094 tr.
85 1061 198 1092 Didaci
213 1061 254 1092 ad
269 1062 442 1093 Caesarien.
474 1062 610 1093 Didaeus
631 1062 670 1094 de
692 1063 872 1099 Comontes,
896 1063 995 1094 adiae.
1019 1064 1076 1104 ips.
1100 1064 1172 1095 0001.
1429 1067 1504 1097 1446
1528 1067 1601 1107 Apr.
1629 1068 1641 1097 1
1707 1067 1785 1101 *Obl.
1809 1067 1856 1104 72,
1882 1068 1918 1098 13

24 1114 75 1146 ob.
98 1114 210 1146 Didaci
233 1115 336 1154 (1458)
475 1115 579 1151 Lupus
602 1115 653 1154 (de
675 1116 798 1155 Ribas),
822 1116 884 1147 obl.
908 1127 940 1147 se
1428 1121 1504 1150 1459
1529 1120 1621 1151 Mart.
1648 1121 1687 1150 20
1715 1120 1784 1151 Obl.
1809 1120 1857 1158 76,
1882 1122 1938 1151 166

24 1167 75 1199 ob.
97 1167 201 1198 ultimi
223 1167 282 1208 epi.
474 1168 644 1200 Rodericus
667 1169 789 1211 (Borja)
815 1169 844 1200 S.
869 1169 907 1200 R.
932 1169 968 1200 E.
1003 1170 1088 1201 eard.
1123 1174 1155 1201 et
1189 1171 1384 1202 vicecancell.
1428 1174 1503 1203 1482
1528 1173 1604 1204 Julii
1626 1174 1645 1203 8
1716 1173 1784 1204 Obl.
1808 1174 1856 1211 83,
1880 1173 1919 1204 78

23 1224 177 1261 assumpt.
198 1220 279 1251 Rod.
300 1220 332 1251 in
355 1220 385 1251 S.
407 1220 441 1251 P.

22 1283 81 1305 res.
103 1273 188 1304 card.
210 1273 249 1304 de
271 1273 341 1304 Urs.

22 1329 62 1358 tr.
85 1326 178 1357 Bern.
201 1326 241 1357 ad
265 1326 393 1367 Segunt.

22 1382 62 1410 tr.
87 1379 138 1410 Jo.
160 1378 201 1410 ad
225 1378 386 1420 Segobien.

475 1221 614 1253 Joannes
634 1222 671 1253 B.
695 1222 734 1253 de
760 1222 882 1253 Ursinis
909 1221 939 1253 S.
966 1223 1005 1254 R.
1032 1223 1068 1254 E.
1094 1223 1190 1261 card„
1215 1224 1246 1254 in
1271 1235 1384 1255 comm.

473 1274 684 1306 Bernardinus
706 1275 862 1316 Carvajal,
886 1287 934 1317 ep.
958 1276 1099 1315 Pacen.1)

475 1327 613 1359 Joannes
636 1328 730 1367 (Ruiz
752 1328 790 1359 de
812 1329 963 1368 Medma),
987 1340 1035 1370 ep.
1059 1330 1172 1361 Pacen.

474 1381 613 1412 Joannes
636 1381 760 1420 (Daza),
784 1393 833 1423 ep.
858 1382 1018 1422 Oveten.²)

1427 1227 1503 1256 1492
1526 1227 1604 1267 Aug.
1627 1228 1662 1257 31
1715 1227 1766 1257 AC
1788 1227 1908 1258 Camer.
1932 1227 1958 1265 Ι,
1980 1228 2020 1258 25

1427 1280 1503 1309 1493
1529 1279 1621 1310 Mart.
1647 1279 1685 1310 27
1714 1280 1766 1310 AC
1788 1280 1908 1311 Camer.
1933 1280 1958 1318 I,
1981 1282 2019 1311 32

1428 1333 1504 1362 1495
1527 1332 1601 1363 Feb.
1626 1333 1665 1363 20
1714 1333 1766 1364 AC
1788 1333 1908 1364 Camer.
1932 1333 1957 1371 I,
1981 1334 2017 1364 41

1428 1386 1503 1415 1502
1528 1385 1620 1416 Mart.
1650 1387 1685 1416 16
1714 1386 1766 1417 AC
1788 1386 1908 1417 Camer.
1932 1386 1958 1424 Ι,
1983 1387 2039 1418 106

514 1498 699 1534 caelen.
725 1499 899 1542 (Casale)
923 1501 957 1533 in
983 1501 1079 1533 Italia
1102 1512 1224 1543 super„
1249 1502 1339 1534 suffr.
1364 1503 1538 1535 Mediolan.
1563 1504 1681 1545 (133¹la
1704 1504 1751 1544 ss.)

22 1581 75 1614 Er.
99 1581 177 1613 1474
198 1582 273 1623 Apr.
299 1583 335 1613 18
445 1576 452 1630 Ι
475 1584 699 1623 (Bemardinus
721 1585 969 1625 Teobaldeschi),
993 1586 1063 1616 cler.
1087 1585 1213 1617 Taurin.

1409 1581 1505 1635 {1474
1528 1588 1602 1619 Maii
1628 1590 1661 1619 11
1699 1583 1784 1635 (Obl.
1808 1590 1857 1627 83,
1880 1591 1918 1620 33

533 1702 743 1738 casertan.
769 1703 963 1746 (Caserta)
988 1705 1023 1737 in
1047 1706 1143 1738 Italia
1166 1706 1271 1746 infer„
1295 1706 1384 1738 suffr.
1410 1707 1557 1748 Capuan.
1581 1709 1659 1748 (216
1683 1708 1729 1747 fl.)

22 1785 86 1825 (ob.
110 1786 243 1817 Joannis
253 1786 279 1826 Ζ)
472 1787 647 1823 stephanus
668 1788 707 1819 de
730 1788 822 1819 Raho
845 1789 939 1828 (‚,el.“
966 1790 1066 1829 1450),
1091 1790 1229 1822 Joannes
1428 1792 1504 1822 1453
1527 1792 1574 1830 (2)
1717 1792 1813 1823 Gams
1835 1793 1895 1823 870

22 1838 72 1870 ob.
97 1838 230 1870 Joannis
472 1841 594 1876 01011113,
616 1841 717 1872 adiac.
740 1842 814 1873 0001.
838 1853 861 1872 S.
886 1843 1039 1883 Agathae,
1063 1843 1167 1884 legum
1188 1843 1300 1874 doctor
1428 1845 1504 1875 1459
1525 1844 1606 1875 Nov.
1629 1846 1647 1875 5
1715 1845 1761 1876 Ρ11
1786 1845 1818 1875 II
1844 1856 1872 1876 a.
1898 1847 1916 1876 2
1940 1846 2011 1877 Lat.
2037 1847 2056 1878 1.
2082 1858 2127 1888 pr.
2153 1847 2174 1878 f.
2199 1849 2242 1878 95

22 1891 72 1923 ob.
85 1891 172 1922 010111
183 1902 211 1922 a.
224 1893 260 1922 21
275 1892 350 1933 Apr.
365 1892 440 1923 1477
474 1894 613 1926 Ioannes
633 1894 673 1925 de
695 1894 793 1926 Leoni
818 1895 959 1926 Gallucci
1428 1897 1503 1928 1477
1716 1898 1835 1929 Schede
1856 1899 1888 1930 di
1913 1899 2063 1941 Garampi

22 1947 62 1975 tr.
87 1944 138 1975 Jo.
161 1944 202 1975 ad
224 1945 370 1986 Aquilan.
475 1947 614 1979 Joannes
636 1947 731 1989 Bapt.
750 1948 790 1979 de
810 1948 972 1986 Petruciis‚
991 1960 1060 1990 aep.
1080 1949 1259 1989 Maditen.¹)
1427 1951 1503 1981 1493
1529 1951 1597 1982 Oct.
1626 1953 1662 1981 18
1714 1952 1765 1982 AC
1787 1951 1906 1983 Camer.
1931 1952 1956 1990 Ι,
1979 1954 2018 1983 35

532 2064 752 2101 cassanen.
777 2067 985 2109 (cassano)
1009 2069 1044 2100 in
1066 2068 1162 2101 Italia
1185 2069 1289 2109 infer„
1314 2069 1405 2101 suffr.
1431 2070 1547 2111 Regin.
1573 2071 1651 2111 (100
1674 2071 1723 2112 ss.)

1428 2155 1503 2185 1432
1527 2148 1601 2185 'Maii
1627 2156 1663 2185 14

1428 2208 1504 2237 1440
1525 2208 1600 2239 Dee.
1628 2209 1663 2239 12

1427 2261 1503 2291 1463
1525 2261 1600 2292 Dee.
1624 2263 1642 2291 8

23 2148 73 2180 ob.
98 2148 245 2180 Guilelmi
268 2150 372 2188 (1432)

22 2204 61 2232 tr.
85 2201 164 2233 Belf.
187 2202 227 2233 ad
252 2202 415 2233 Sebasten.

25 2279 437 2286 ··········

1714 2156 1765 2186 AC
1787 2156 1913 2187 Misoell.
1938 2156 1963 2194 Ι,
1986 2158 2044 2187 229

1714 2208 1783 2239 Obl.
1807 2210 1855 2246 66,
1878 2210 1917 2239 54

1714 2262 1783 2293 Obl.
1807 2262 1856 2299 79,
1878 2263 1916 2292 59

474 2151 620 2182 Belfortis
650 2151 689 2182 de
722 2151 866 2193 Spinellis
896 2153 935 2183 de
966 2152 1109 2194 Neapoli,
1141 2153 1245 2194 legum
1275 2154 1386 2185 doctor

477 2204 624 2235 Joachim
645 2204 803 2244 (Suhare),
826 2216 874 2246 ep.
898 2206 1036 2237 Cannen.

477 2257 616 2288 Joaunes
638 2257 761 2296 (Franc.
786 2258 963 2298 Brusatus),
986 2259 1064 2290 solv.
1087 2270 1166 2291 serv.
1190 2270 1303 2291 comm.

473 2415 617 2442 carnoten.

91 2455 114 2488 ι)
137 2456 191 2488 Qui
205 2465 234 2483 se
249 2458 333 2491 gessit
350 2466 399 2492 pro
415 2467 457 2492 ep.
476 2459 622 2489 Carnoten,
655 2459 799 2485 absolutus
820 2460 855 2485 ab
872 2460 999 2486 omnibus
1016 2469 1073 2486 sen-

21 2500 116 2526 tentiis
134 2503 164 2526 et
182 2502 311 2532 eensuris,
332 2510 403 2536 quae
423 2503 450 2528 in
471 2503 560 2536 ipsum
582 2506 727 2537 praetextu
749 2504 820 2529 illius
840 2504 902 2530 0001.
925 2505 1074 2538 quomodo-

21 2543 89 2570 libet
103 2543 177 2571 latae
192 2548 266 2576 sunt,
283 2549 312 2572 et
327 2547 451 2573 relaxato
468 2547 623 2578 interdicto,
651 2548 693 2573 cui
711 2548 762 2574 civ.
781 2552 809 2574 et
825 2549 909 2574 dioec.
927 2549 1072 2575 Car-noten-

21 2587 191 2622 subjacebat.

90 2631 112 2664 ὅ)
130 2632 207 2659 Confi.
227 2634 259 2659 31
280 2634 348 2668 Aug.
371 2636 445 2661 1459.

92 2675 114 2708 ⁸)
133 2676 177 2702 Ad
201 2677 266 2703 solv.
295 2678 414 2705 medium
440 2688 509 2705 serv.
536 2689 645 2710 eomm.,
672 2681 745 2713 quod
772 2684 862 2707 totum
889 2682 924 2707 ad
949 2683 1019 2708 4000
1044 2682 1071 2708 ss.

19 2720 193 2747 ascendebat.
245 2721 312 2748 Post
337 2725 507 2750 sanctionem
533 2725 605 2750 enim
633 2726 831 2758 pragmaticam
858 2726 972 2759 praelati
999 2727 1072 2760 regni

19 2763 151 2790 hancine
171 2766 279 2792 nonnisi
299 2767 417 2793 mediam
438 2772 544 2802 partem
565 2778 634 2795 serv.
657 2778 755 2795 comm.
777 2770 930 2796 solvebant.

435 2822 652 2852 carpentoraten.

89 2861 110 2893 ¹)
130 2861 168 2887 Et
188 2866 221 2888 tr.
243 2863 448 2890 Bartholomaei
467 2865 531 2891 olim
551 2867 602 2900 epi.
625 2867 770 2892 Cometan.
792 2868 827 2893 ad
848 2868 1003 2898 cornetan,
1025 2869 1071 2902 qui

18 2904 162 2932 absolutus
172 2906 208 2932 ab
219 2907 346 2933 omnibus
356 2910 499 2935 sententiis
510 2913 568 2935 tam
580 2919 596 2936 a
607 2911 666 2943 jure
678 2919 761 2944 quam
773 2912 809 2937 ab
821 2912 930 2937 homine
942 2913 969 2937 in
981 2913 1070 2946 ipsum

18 2949 82 3004 letis
101 2949 145 2976 die
166 2951 198 2976 14
218 2951 286 2977 Julii
307 2952 375 2978 1449
393 2953 521 2979 ecelesiae
539 2954 666 2988 Carpent.
690 2956 843 2989 praefectus
863 2960 922 2982 erat
942 2957 969 2988 (1.
991 2958 1034 2989 c.).

1254 2417 1275 2449 ²)
1295 2417 1340 2443 Ita
1361 2421 1393 2443 ut
1414 2419 1531 2444 retineat
1551 2419 1644 2444 omnia
1666 2419 1805 2445 beneficia.
1828 2428 1899 2453 quae
1920 2420 2018 2446 habuit
2038 2421 2067 2446 in
2089 2421 2235 2448 Sabaudia.

1254 2462 1275 2493 ³)
1296 2462 1372 2488 Inter
1394 2471 1466 2492 eum,
1490 2463 1537 2496 qui
1559 2472 1583 2488 a.
1610 2464 1677 2489 1465
1699 2464 1789 2490 adhue
1812 2465 1910 2490 vivens
1932 2465 2038 2491 Romae
2060 2465 2186 2499 degebat,
2208 2468 2237 2492 et

1185 2506 1329 2532 Julianum
1351 2507 1426 2540 apud
1447 2507 1527 2532 Gams
1549 2516 1574 2541 p.
1599 2508 1651 2533 530
1673 2511 1827 2534 recensetur
1850 2509 1992 2539 „Joannes
2013 2509 2048 2535 de
2069 2510 2237 2536 Montmirail

1185 2554 1248 2583 post
1269 2550 1364 2577 1457.“
1401 2551 1454 2577 Cfr.
1475 2551 1619 2577 Vasionen.
1640 2551 1676 2577 ad
1695 2561 1718 2578 a.
1742 2553 1816 2579 1473.

1253 2594 1274 2626 ⁴¹)
1295 2594 1437 2620 Protonot.
1456 2599 1555 2629 apost„
1583 2596 1617 2622 26
1634 2605 1657 2621 a.
1677 2605 1766 2630 agens.
1802 2597 1847 2623 Ita
1864 2600 1897 2623 ut
1913 2598 2031 2623 retineat
2048 2598 2140 2624 omnia
2157 2598 2236 2624 bene-

1184 2638 1247 2664 ficia
1272 2647 1322 2664 sua
1345 2642 1373 2664 et
1397 2640 1539 2673 pensiones
1562 2640 1614 2666 sibi
1637 2641 1796 2674 assignatas.

1616 2704 1804 2734 carthaginen.

1255 2754 1276 2785 ¹)
1303 2754 1355 2785 Qui
1371 2755 1405 2780 20
1424 2756 1497 2789 Sept.
1519 2757 1584 2781 1493
1602 2757 1629 2781 111
1647 2757 1673 2782 S.
1693 2757 1724 2782 R.
1744 2757 1775 2782 E.
1794 2757 1866 2783 card.
1885 2760 2028 2791 promotus
2044 2758 2157 2783 retinuit
2172 2757 2235 2783 0001.

1181 2797 1372 2831 Carthaginen.
1410 2799 1463 2825 cfr.
1484 2799 1634 2826 Avellinen.
1655 2801 1690 2826 ad
1709 2810 1732 2826 a.
1756 2802 1830 2827 1503.

1256 2842 1277 2874 ²)
1296 2842 1471 2869 Transfertur
1491 2845 1557 2870 1505
1576 2844 1611 2870 ad
1630 2845 1782 2871 Corduben.

1643 2908 1779 2935 casertan.

1253 2959 1273 2990 ¹)
1295 2959 1395 2984 Revoe.
1418 2960 1520 2985 admin.
1543 2960 1606 2986 ecel.
1629 2960 1756 2994 Aprutin.
1803 2961 1856 2992 Qui
1878 2961 2002 2987 <Ioannes
2022 2962 2091 2988 obiit
2111 2970 2136 2988 a.
2161 2963 2236 2988 1514.
