2436 3328
143 145 182 177 10

139 248 188 287 15)
210 247 379 282 Dionysius
399 246 437 278 (le
457 245 648 281 molendino,
669 255 718 285 ep.
741 244 935 282 Parisiensis,
980 245 1029 283 16)
1050 244 1211 280 Philippus
1230 243 1269 275 de
1289 243 1446 278 Goetquis,
1467 241 1606 283 archiep.
1627 241 1829 279 Turonensis,

1179 297 1229 336 18)
1253 296 1408 328 Gerardus
1427 295 1617 331 umhettus,
1639 305 1688 336 ep.
1711 294 1897 332 Castrensis,

140 355 189 393 19)
213 354 352 385 Joannes
374 353 412 384 de
433 351 625 384 Malestrieto
648 351 701 391 (al.
723 351 764 382 de
786 351 1042 392 Chateaugiron)‚
1066 360 1114 391 ep.
1139 349 1318 380 Nanneten.
1343 348 1431 388 (olim
1453 348 1643 388 Briocensis)
1669 363 1702 374 =
1728 348 1779 379 tit.
1803 358 1828 379 s.
1852 347 1992 386 Onuffii;

140 300 190 340 17)
211 300 357 332 nicolaus
378 299 416 331 de
436 299 569 330 Tudisoo
591 298 627 330 Ο.
653 297 684 329 S.
707 297 756 336 B.,
778 308 848 339 aep.
870 297 1127 334 Panormitanus,

775 439 810 478 d)
831 439 874 470 ln
895 443 1002 480 quarta
1023 438 1172 469 creatione
1192 437 1242 469 die
1261 436 1282 468 6
1302 437 1380 478 Apr.
1403 436 1485 468 1444
1504 436 1654 477 habitoel)

138 504 190 543 20)
214 504 354 535 Ioannes
374 503 412 535 de
431 502 542 538 Ateii&
564 501 701 543 archiep.
724 501 974 532 Tarentasiensis
998 515 1029 525 =
1055 500 1106 531 tit.
1129 511 1153 531 s.
1176 499 1270 531 Nerei
1291 503 1324 531 et
1345 499 1424 530 Ach.
1447 499 1516 538 (cir.
1539 499 1622 530 inira
1643 498 1706 536 III,
1728 499 1775 539 9);

137 558 189 595 21)
211 556 387 588 Ludovieus
409 556 447 588 de
469 555 610 591 Amaml,
634 565 683 596 ep.
708 554 856 591 visensis,
882 553 922 585 ab
947 554 1026 595 Eug.
1052 553 1098 584 IV
1121 553 1172 584 die
1195 556 1214 585 9
1240 553 1327 594 Sept.
1354 554 1432 584 1439
1455 553 1602 594 privatus
1626 567 1658 578 =
1685 553 1697 583 3
1759 561 1764 563 “

138 611 202 649 (22)
224 609 407 641 Vincentius
429 609 495 641 Kot
514 609 676 644 Dembicy,
698 607 834 648 archiep.
859 607 1018 639 Gneznen.
1045 622 1077 632 =
1112 607 1138 646 ἓ)

137 663 189 702 23)
213 662 386 694 Guilelmus
405 662 549 698 lingonis
568 662 607 693 de
627 662 755 697 stagno,
775 660 944 692 archidiac.
965 660 1116 692 Metensis
1139 675 1171 685 =
1195 661 1246 692 tit.
1267 670 1292 691 s.
1316 659 1452 691 Sabinae
1472 659 1512 690 al.
1534 670 1558 691 s.
1580 659 1719 690 Marcelli
1740 658 1808 699 (cfr.
1830 658 1913 690 infra
1933 657 1996 695 III,
2019 659 2085 698 11);

136 717 188 755 24)
209 715 471 748 Bartholomaeus
495 715 533 747 de
556 715 785 750 vitellensibus,
811 724 860 755 ep.
886 714 1083 745 Cornetanus
1109 714 1202 755 (priv.
1227 713 1269 745 ab
1298 713 1379 755 Eug.
1403 713 1447 744 IV
1476 714 1515 744 23
1541 712 1634 744 Mart.
1664 713 1754 752 1442)
1783 727 1815 738 =
1843 722 1868 743 s.
1894 711 2008 749 Μυσὴ

137 770 190 808 25)
211 769 349 800 'rhomae
371 769 410 801 de
432 768 586 804 corcellis,
610 778 680 798 can.
705 767 855 798 Parisien.
881 767 959 798 alias
982 766 1204 798 Ambianensis
1231 781 1263 792 =
1290 766 1375 808 dign.
1400 765 1485 797 card.
1511 766 1680 798 recusavit.

1060 867 1132 902 m.
1178 867 1372 903 nicolaus
1394 867 1443 909 V,

137 948 233 975 antea
248 944 386 975 Thomas
402 943 613 975 Parentucelli
628 943 668 975 de
686 943 824 975 Sarzana
840 943 891 974 tit.
908 955 932 975 s.
952 944 1116 976 Susannae
1132 944 1234 986 presb.
1252 944 1363 982 card.,
1367 942 1606 981 ,Bononiensis“
1625 945 1669 983 (v.
1685 954 1782 985 supra
1798 943 1842 981 ΙΙ,
1859 944 1923 983 25),
1940 943 2063 975 Romae
2079 941 2180 985 (apud
2193 952 2220 975 s.
2234 937 2378 981 ultim

829 140 1062 176 cardinales
1085 140 1161 175 sub
1182 139 1314 175 Felice
1336 139 1371 174 V
1394 142 1435 174 et
1456 139 1623 174 Nicolao
1646 138 1682 173 V

177 997 216 1029 de
235 997 391 1037 Minerva)
410 997 528 1028 electus
546 997 597 1028 die
616 997 635 1027 6
654 999 687 1028 et
705 1001 875 1028 coronatus
894 999 1002 1039 (super
1018 998 1135 1040 gradus
1153 997 1301 1029 ecclesiae
1319 1008 1344 1029 s.
1364 997 1464 1036 Petri)
1482 997 1534 1028 die
1555 997 1591 1028 19
1610 996 1718 1029 Martii
1738 997 1826 1035 1447,
1845 996 1926 1028 obiit
1944 997 1984 1028 24
2002 996 2097 1028 Mart.
2119 993 2236 1037 1456.¹)
2295 1045 2298 1047 Δ

886 1102 921 1138 S.
950 1102 993 1138 R.
1024 1102 1068 1137 Ε.
1100 1102 1305 1138 Cardinales
1331 1101 1374 1137 ab
1398 1102 1473 1148 ipso
1501 1103 1627 1138 creati:

787 1177 818 1215 a)
841 1176 876 1206 in
897 1176 998 1217 primo
1018 1176 1206 1217 promotione
1225 1175 1276 1207 die
1296 1175 1337 1207 16
1355 1174 1442 1207 Febr.
1465 1174 1546 1207 1448
1566 1174 1718 1215 habita-⁸)

159 1238 188 1276 1)
210 1238 368 1269 Antonius
387 1238 426 1270 de
445 1238 478 1269 la
496 1238 603 1273 cerda,
624 1248 693 1279 aep.
716 1237 903 1274 Messanen„
924 1237 997 1269 dein
1019 1248 1068 1279 ep.
1091 1225 1253 1277 Ilerden.⁴)
1278 1252 1310 1263 =
1335 1238 1386 1269 tit.
1408 1249 1432 1269 s.
1455 1237 1650 1279 Chrysogoni
1671 1237 1894 1277 (Messanensis
1913 1247 1969 1268 seu
1991 1235 2226 1277 Ilerdensis);⁸)

778 1326 810 1366 b)
833 1327 868 1358 in
888 1327 1021 1358 secunda
1041 1327 1229 1368 promotione
1249 1327 1298 1358 die
1318 1326 1359 1358 20
1379 1326 1451 1358 Dec.
1475 1325 1556 1358 1448
1575 1325 1728 1366 habita&

158 1389 189 1427 2)
211 1389 377 1424 astorgius
395 1389 523 1424 Agnoei,
544 1399 613 1430 aep.
636 1389 852 1420 Beneventan.
880 1405 911 1415 =
937 1389 987 1421 tit.
1009 1400 1033 1420 s.
1056 1389 1183 1421 Eusebii
1206 1389 1489 1429 (Beneventanus),
1510 1389 1530 1428 †
1553 1390 1626 1420 1451
1650 1388 1722 1420 Oct.
1746 1389 1797 1425 10;
1818 1399 1849 1420 v.
1872 1388 1954 1430 App.
1976 1387 1992 1419 Ι
2013 1398 2060 1420 nr.
2084 1387 2248 1426 127‚145;

138 1504 222 1529 timor
244 1507 272 1529 et
294 1503 379 1530 alium
403 1504 520 1530 retraxit
544 1503 682 1538 podagrae
700 1506 814 1536 tumor),
848 1504 929 1530 videl.
955 1504 1132 1534 Arelatensis,
1164 1503 1199 1530 de

136 1547 320 1578 Van-ambone,
344 1548 552 1582 Aquilegiensis,
577 1548 761 1579 Dertusensis,
786 1549 917 1579 Vicensis,
935 1548 1124 1574 Gebennensis
1140 1550 1199 1580 (seu

138 1600 159 1618 e.
193 1592 339 1624 Marcelli),
370 1593 499 1626 Argensis
531 1595 590 1625 (seu
622 1602 643 1618 s.
679 1593 771 1625 Sixti),
805 1602 825 1619 8.
857 1593 971 1619 Martini
999 1596 1028 1618 et
1051 1601 1071 1619 8.
1097 1593 1199 1619 Calixti

136 1635 248 1662 obviam
272 1637 327 1671 regi
351 1636 464 1663 fuerunt
487 1636 523 1663 ad
545 1645 632 1663 unum
656 1637 780 1663 italicum
805 1637 932 1667 milliare:
956 1638 984 1670 2)
1006 1637 1052 1663 die
1075 1637 1108 1664 23
1132 1637 1197 1664 Dec.

139 1681 207 1707 1442
232 1682 317 1707 etiam
342 1690 415 1715 papa
439 1682 550 1707 recessit
583 1681 715 1714 (Basilea)
747 1690 811 1707 cum
843 1681 917 1708 card.
946 1681 981 1708 de
1014 1681 1198 1712 Varambone,

137 1725 332 1759 Aquilegiensi,
367 1725 541 1752 Gebennensi
573 1729 602 1752 et
634 1735 655 1752 s.
686 1726 767 1757 Sixti,
797 1726 1004 1752 remanentibus
1028 1726 1198 1757 Dertuoensi,

138 1769 256 1800 Vicensi,
280 1770 413 1803 Aquensi,
437 1779 458 1796 s.
483 1770 597 1796 Martini
622 1774 651 1796 et
674 1779 696 1797 s.
721 1770 836 1801 Calixti;
859 1771 887 1796 in
911 1771 987 1796 curia
1011 1779 1100 1805 papae
1122 1770 1197 1797 card.

136 1813 171 1839 de
195 1814 370 1840 Varambone
393 1814 586 1841 cancellariam
609 1817 638 1840 et
662 1815 862 1849 Aquilegiensis
885 1815 1136 1849 poenitentiariam,
1170 1816 1198 1842 in

1250 1635 1253 1643 ’
1301 1637 1383 1664 dictis
1402 1637 1588 1664 seminalibus
1606 1645 1695 1672 usque
1713 1636 1751 1663 ad
1768 1636 1912 1663 ecclesiam
1931 1645 1952 1663 s.
1974 1636 2050 1663 Petri
2068 1639 2098 1662 et
2115 1634 2217 1663 deinde
2234 1635 2273 1663 ed
2289 1634 2357 1671 pah

1250 1699 1252 1704 »
1301 1682 1372 1708 tium
1388 1682 1494 1717 papale.

1303 1815 1400 1846 solitis.
1418 1815 1521 1842 ibidem
1537 1815 1731 1842 assistentibus
1746 1814 1831 1841 XVII
1847 1814 2034 1841 cardinalibus
2049 1813 2254 1848 supr-sonipes,
2268 1810 2373 1841 ωε

137 1858 252 1884 concilio
275 1862 370 1884 autem
395 1859 563 1885 Arelatensis
590 1859 781 1885 cancellariam
810 1863 839 1885 et
868 1859 1082 1886 Panormitanns
1105 1860 1197 1894 poeni-
1250 1858 1251 1871 ³

137 1903 296 1929 tentiariam
313 1903 453 1937 regebant.
470 1903 524 1930 Cir.
547 1903 618 1929 Bibl.
639 1903 702 1930 Vat.
720 1903 779 1930 cod.
805 1903 869 1930 Vat.
887 1904 934 1930 lat.
954 1912 993 1930 nr.
1011 1904 1081 1931 4183
1100 1904 1118 1930 f.
1136 1905 1196 1931 254.

1357 1504 1439 1531 Anno
1460 1504 1603 1539 praedicto
1623 1503 1668 1530 die
1688 1512 1755 1530 veie
1775 1503 1871 1530 Lunae
1890 1503 2032 1538 sequentis
2052 1506 2133 1530 sexta
2153 1503 2256 1530 iii-isis
2274 1502 2400 1531 Μ

1305 1548 1372 1575 liora
1385 1557 1459 1575 nona
1471 1549 1515 1576 vel
1528 1549 1608 1583 quasi
1619 1548 1750 1575 dominus
1762 1547 1944 1574 Bononiensis
1956 1548 2001 1574 tit.
2015 1555 2036 1574 s.
2052 1547 2197 1575 Susa-unae
2207 1549 2371 1582 anuph„

1301 1593 1356 1619 fuit
1367 1593 1403 1620 ad
1415 1594 1522 1628 apicem
1533 1593 1708 1628 apostolatus
1719 1595 1748 1619 et
1759 1595 1877 1619 vocatus
1888 1591 2020 1619 Nicolaus
2030 1591 2064 1623 V,
2077 1591 2231 1619 amonium
2241 1599 2260 1619 a
2269 1598 2371 1627 eum·

1525 1682 1607 1708 Anno
1622 1681 1765 1716 praedicto
1778 1681 1824 1708 die
1838 1689 1905 1707 vero
1918 1681 2059 1707 dominico
2073 1680 2115 1707 1v
2128 1679 2370 1716 quadr-gudino,

1301 1727 1329 1752 in
1351 1735 1408 1761 qua
1429 1730 1591 1757 cantatur.
1594 1725 1749 1757 ,¹‘Laetare,
1783 1726 1831 1760 qui
1853 1725 1908 1752 fuit
1932 1726 1964 1751 19
1986 1725 2089 1756 Martii,
2112 1723 2244 1752 Nicolau-
2265 1722 2291 1751 V
2313 1722 2370 1753 M}

2411 913 2436 1034 ἒ

2333 1035 2436 1170 Ξ

1300 1774 1449 1797 coronatus
1465 1779 1548 1805 super
1563 1770 1666 1805 gradus
1681 1770 1811 1797 ecclesiae
1828 1770 1855 1796 b.
1874 1770 1949 1796 Petri
1966 1778 2030 1796 cum
2047 1769 2178 1796 omnibus
2193 1768 2223 1796 in
2239 1767 2292 1796 uli
2306 1764 2395 1797 κζ’

1306 1859 1432 1886 ascendit
1450 1868 1553 1894 equum
1581 1859 1676 1886 album
1703 1862 1732 1886 et
1750 1859 1876 1885 deferens
1894 1867 1985 1885 rosam
2003 1866 2112 1892 greuus
2129 1865 2195 1885 suoe
2211 1855 2377 1886 wilfi<

1250 1918 1251 1931 ι
1302 1912 1324 1930 8.
1346 1904 1485 1931 Joannem
1505 1904 1633 1931 lateran.
1654 1912 1775 1930 unacum
1793 1903 1876 1930 dictis
1895 1902 2090 1933 cardinalibus,
2109 1901 2255 1937 episcqffi.
2272 1900 2370 1939 lm-
2381 1915 2399 1931 n

210 1947 229 1978 ¹)
252 1947 365 1973 Litteris
398 1947 537 1974 Gebennis
573 1949 605 1974 14
627 1948 709 1974 Mart.
737 1949 805 1974 1444
836 1947 911 1974 datis
936 1948 1013 1975 Felix
1035 1947 1059 1974 V
1085 1957 1197 1975 venera-
1249 1956 1251 1972 ⁴1

137 1990 238 2017 bilibus
271 1991 403 2018 iratribus
435 1992 598 2026 dilectisque
630 1992 693 2018 filiis
726 1993 755 2019 in
786 1993 902 2019 concilio
930 1993 1012 2019 Basil.
1037 1994 1198 2020 constitutis

136 2036 246 2069 scripsit
280 2036 296 2062 i.
332 2045 358 2062 a.
394 2036 472 2063 haec:
509 2036 606 2067 „Car-d.
641 2036 839 2071 Aquilegiensis
871 2038 982 2063 recessit
1014 2038 1042 2063 in
1075 2038 1196 2068 remotis,

138 2079 277 2106 Joanneni
310 2081 354 2107 tit.
388 2090 408 2107 s.
436 2078 508 2107 Si'xti
540 2084 606 2107 ante
629 2081 736 2115 aliquot
769 2090 875 2107 menses
898 2085 927 2107 et
951 2082 1127 2108 Franciscum
1152 2083 1195 2108 tit.

137 2132 158 2150 s.
183 2124 304 2151 Marcelli
327 2125 480 2151 cardinales
503 2126 660 2159 nuperrime
678 2134 750 2151 mors
767 2126 803 2151 ab
818 2126 946 2152 humanis
961 2127 1076 2160 eripuit,
1101 2127 1198 2153 unicus

137 2168 217 2194 nobis
240 2169 313 2195 card.
337 2169 372 2195 de
397 2169 572 2196 Varambone
596 2170 706 2196 relictus
729 2170 800 2196 est.”
851 2170 942 2202 Quane
970 2171 1038 2197 alios
1071 2171 1098 2197 in
1121 2170 1195 2197 cai-d.

138 2221 167 2238 se
191 2217 383 2247 promoturum
407 2222 467 2240 esse
489 2214 626 2248 adjungit.
668 2214 850 2241 Postmodum
883 2215 1040 2241 notificavit
1074 2215 1198 2247 (consilio

137 2256 242 2289 Banu),
266 2266 295 2283 se
318 2266 423 2284 creasse
446 2260 462 2284 4
486 2258 574 2293 presb.
599 2258 666 2284 card
694 2262 723 2285 et
742 2260 751 2285 l
772 2258 852 2289 diac„
877 2268 995 2294 quorum
1012 2260 1028 2285 2
1046 2259 1198 2286 dumtaxat
1249 2257 1251 2263 ‘

1250 2326 1251 2330 ,
1301 2303 1451 2333 Valenfin..
1465 2304 1509 2330 cui
1525 2312 1573 2338 per
1585 2304 1646 2337 ejus
1660 2303 1755 2330 transl.
1771 2303 1808 2330 ab
1821 2303 1885 2330 eccl.
1901 2303 2054 2330 Messanen-
2069 2301 2107 2330 ad
2119 2299 2238 2330 nerh-
2253 2299 2369 2329 Vm
2382 2318 2385 2321 >
2405 2306 2411 2330 s

138 2301 246 2335 publice
269 2303 433 2332 nominavit,
459 2303 597 2329 Joannem
618 2311 726 2337 nepum.
744 2303 931 2329 Tarentasien.
949 2307 977 2330 et
996 2304 1086 2330 Vben.
1103 2312 1196 2339 epum.

137 2345 192 2372 cfr.
218 2345 288 2372 Bibl.
314 2346 377 2373 Vat.
403 2347 419 2373 1.
444 2356 467 2373 c.
493 2347 511 2373 f.
537 2348 596 2374 274.

1250 2354 1251 2374 1
1304 2348 1335 2374 21
1361 2348 1427 2382 Apr.
1453 2348 1520 2374 1449
1541 2352 1633 2374 certus
1655 2348 1770 2382 quidam
1791 2348 1879 2374 abbas
1901 2347 2062 2382 praeficitur
2092 2346 2167 2379 (Obl.
2189 2345 2236 2378 88,
2254 2345 2311 2380 U)-
2349 2374 2361 2383 r.

207 2390 229 2422 ²)
250 2390 381 2425 Exequiis
405 2391 520 2425 Eugenii
544 2391 583 2418 IV
606 2392 750 2425 completis
773 2392 817 2418 die
840 2392 950 2418 sabbati
973 2396 1074 2427 quarta
1098 2393 1199 2419 mensis
1250 2390 1251 2396 ¹

138 2434 231 2460 Martii
252 2444 276 2460 a.
303 2436 379 2466 1447,
402 2444 473 2469 quae
496 2436 549 2462 fuit
571 2435 678 2462 decima
699 2436 736 2461 ab
758 2436 836 2462 obitu
859 2437 944 2470 ipsius
967 2437 1035 2471 Eug.
1059 2437 1108 2468 lv,
1131 2437 1199 2463 hora

138 2487 314 2512 vesperorum
335 2479 502 2514 infrascripti
522 2480 674 2506 cardinales
694 2481 868 2506 intraverunt
888 2481 1018 2507 conclave
1038 2482 1066 2507 iu
1085 2481 1199 2507 ecclesia

137 2531 157 2548 s.
177 2523 279 2549 Mariae
295 2523 330 2549 de
347 2524 472 2550 Minerva
487 2524 522 2550 de
540 2524 614 2550 Urbe
631 2532 680 2558 pro
698 2524 792 2550 futuro
809 2525 944 2551 Pontifice
960 2525 1085 2559 eligendo
1102 2525 1196 2552 videl-z

138 2566 315 2593 Venetiarum
334 2568 384 2600 (11,
404 2569 440 2600 1),
458 2568 624 2594 Tarentinus
642 2568 693 2600 (ΙΙ,
711 2570 748 2600 5),
766 2568 914 2602 Capuanus
933 2569 982 2600 (11,
1002 2571 1038 2601 7),
1057 2569 1091 2596 de
1110 2570 1198 2605 Fusco

138 2610 188 2643 (11,
212 2612 264 2643 19),
285 2612 423 2638 Nicaenus
444 2612 494 2645 (11,
515 2612 570 2644 ll),
592 2613 796 2646 Portugalensis
817 2613 867 2645 (ΙΙ,
891 2614 943 2645 14),
965 2614 1126 2640 Morinensis
1146 2614 1197 2645 (ΙΙ,

140 2655 192 2687 16),
208 2655 243 2681 (18
259 2656 510 2689 Estoutevillaffl,
529 2658 581 2689 18),
599 2657 626 2683 S.
645 2657 717 2684 Sixti
733 2657 783 2688 (ΙΙ,
802 2658 854 2689 19),
871 2657 1059 2691 Aquilegensis
1075 2658 1126 2690 (ΙΙ,
1143 2659 1197 2690 21),

138 2699 284 2726 Firmanus
309 2701 343 2733 (1,
368 2702 423 2733 45),
449 2701 651 2727 Valentinensis
676 2701 726 2733 (ΙΙ,
752 2702 806 2733 23),
832 2701 1042 2728 Mediolanensis
1067 2702 1117 2734 (11,
1143 2703 1197 2734 24),

140 2743 166 2769 S.
184 2743 302 2770 Sabinae
317 2745 367 2777 (11,
382 2746 436 2777 27),
452 2745 632 2772 Bononiensis
646 2745 697 2778 (ΙΙ,
712 2746 766 2777 25),
781 2745 816 2771 (18
829 2745 963 2772 Columna
977 2746 1012 2778 (Ι,
1027 2747 1081 2778 42),
1098 2747 1124 2773 S.
1141 2746 1198 2772 Ma·

139 2787 194 2813 riae
214 2796 303 2814 novae
323 2789 373 2821 (ΙΙ,
394 2790 448 2821 22),
470 2790 496 2816 S.
519 2789 615 2824 Angeli
635 2789 686 2821 (ΙΙ,
706 2790 760 2821 26).
780 2803 817 2808 -·
835 2789 894 2816 NB.
916 2790 1052 2816 Absentes
1071 2794 1151 2816 eraut
1170 2790 1198 2817 hi

141 2831 167 2858 S.
189 2833 223 2859 R.
244 2832 276 2858 E.
297 2833 460 2860 cardinales:
491 2842 511 2860 s.
534 2834 608 2860 Petri
628 2833 662 2866 (Ι,
683 2834 738 2865 39),
766 2833 934 2860 Arelatensis
953 2834 988 2866 (Ι,
1009 2835 1063 2867 33),
1093 2835 1197 2861 Winto-

139 2875 241 2903 niensis
255 2877 290 2909 (1,
305 2878 360 2910 34),
377 2878 557 2904 Eboracensis
572 2878 622 2910 (ΙΙ,
633 2879 670 2910 6),
684 2877 870 2904 Ruthenensis
883 2878 933 2910 (ΙΙ,
947 2879 998 2910 10),
1012 2879 1199 2906 Cracoviensis

140 2921 191 2955 (ΙΙ,
215 2922 268 2954 13),
290 2921 470 2956 Augustensis
492 2922 542 2954 (11,
566 2923 619 2954 15),
641 2921 779 2956 Agrieusis
802 2921 853 2955 (Π,
877 2923 928 2954 17).

1303 1949 1420 1975 notariis
1437 1952 1466 1975 et
1484 1949 1545 1975 aliis
1562 1948 1736 1975 officialibus.
1783 1947 1838 1975 Ch·-
1858 1948 1934 1974 Arm.
1955 1947 2067 1978 XXXI,
2085 1947 2130 1978 62,
2148 1946 2168 1974 f.
2188 1946 2232 1980 ie,
2248 1947 2281 1977 Q
2294 1943 2371 1979 m
2396 1951 2398 1953 ’

1299 1992 1370 2027 App.
1391 1992 1405 2019 1
1424 1993 1626 2023 nr.134,161.

1250 2053 1251 2059 .
1368 2037 1392 2069 ⁸)
1411 2037 1463 2063 Die
1479 2037 1592 2064 veneris
1608 2037 1648 2063 1v
1665 2040 1750 2071 temp.
1770 2037 1803 2064 ie
1819 2036 1899 2063 Febr.
1919 2037 1987 2062 1448
2003 2035 2143 2062 Antonin·
2158 2033 2206 2068 (de
2220 2034 2250 2062 i·
2262 2028 2367 2068 (κιαι)

1302 2081 1422 2116 archiep.
1442 2081 1594 2108 Messanen.
1615 2081 1669 2108 fuit
1687 2085 1796 2108 creatus
1814 2081 1842 2107 in
1863 2081 1889 2107 S.
1910 2081 1944 2107 R.
1965 2080 1997 2107 E.
2017 2079 2195 2111 cardinalem.
2212 2078 2264 2114 qui
2280 2076 2367 2107 ωδ.

1302 2134 1379 2160 sequ.
1408 2126 1439 2153 17
1466 2126 1544 2152 Febr.
1571 2126 1599 2152 in
1624 2126 1787 2152 consistorio
1810 2134 1871 2160 gen.
1898 2125 2002 2159 recepit
2027 2124 2145 2159 insignia
2167 2122 2368 2156 cardinal-h.
2395 2120 2398 2124 ”

1302 2218 1431 2249 apertum
1451 2218 1481 2241 et
1500 2215 1603 2249 inoepit
1624 2215 1797 2250 participare.
1838 2214 1892 2242 cer.
1915 2214 1990 2240 Arm.
2013 2212 2126 2245 xxn.
2145 2212 2190 2245 38.
2208 2210 2230 2240 2-
2250 2210 2294 2241 ”-

1373 2258 1396 2291 ⁴)
1417 2259 1485 2285 Erat
1508 2267 1619 2293 quoque
1642 2259 1796 2286 commend.
1823 2267 1895 2286 mon.
1921 2258 2108 2293 Vallisdigme
2130 2256 2164 2284 Ο.
2186 2255 2256 2284 (Ἃ
2277 2254 2366 2284 Q

1374 2391 1397 2424 ⁵)
1417 2393 1432 2424 †
1453 2393 1521 2418 1459
1540 2392 1615 2427 Sept.
1636 2393 1683 2423 21;
1711 2401 1738 2419 v.
1757 2392 1829 2427 App.
1850 2392 1863 2418 1
1882 2401 1922 2419 nr.
1944 2393 1992 2420 147
2011 2395 2041 2418 et
2060 2392 2118 2419 190.

1372 2436 1395 2468 ⁸)
1416 2436 1467 2462 Dte
1486 2437 1520 2463 20
1539 2437 1604 2463 Dec.
1627 2438 1694 2463 1448
1713 2437 1772 2463 Nic.
1793 2436 1817 2463 V
1835 2436 1870 2463 de
1889 2444 2023 2463 consensu
2042 2436 2167 2462 omnium
2184 2433 2368 2463 unffi-effi

1249 2196 1251 2200 .
1298 2170 1438 2204 assignato
1463 2171 1489 2196 ei
1515 2170 1598 2197 titulo
1630 2169 1711 2197 videl.
1728 2178 1760 2197 .s.
1778 2170 1957 2205 Chrysogoni,
1974 2173 2004 2196 et
2020 2169 2065 2196 die
2081 2170 2099 2195 6
2114 2167 2198 2196 Estt—
2214 2166 2367 2199 hams!
2387 2184 2390 2185 ν

1250 2484 1251 2489 ’
1301 2481 1407 2507 creavit
1429 2481 1456 2506 in
1479 2481 1654 2515 presbyteros
1674 2481 1827 2507 cardinales
1848 2481 2007 2515 Astorgium
2030 2481 2270 2511 Beneventum.
2289 2476 2367 2507 1081·
2396 2510 2399 2511 .

1302 2533 1369 2551 num
1393 2525 1439 2556 (de
1463 2525 1580 2557 Ursinis)
1603 2525 1771 2552 Tranensem
1794 2525 2023 2559 archiepiscopos,
2046 2524 2168 2551 Ala-num
2190 2522 2367 2555 Am.

1304 2569 1443 2596 Joannem
1470 2569 1603 2601 Aeduon..
1631 2569 1790 2604 Philippum
1817 2569 1968 2596 Bononien.
1996 2569 2140 2604 episcopos
2164 2570 2195 2596 et
2219 2565 2368 2599 m

1300 2614 1336 2640 de
1353 2613 1425 2640 Cusa
1442 2613 1588 2640 archidiac.
1608 2614 1778 2640 Brabantiae
1795 2614 1823 2640 in
1840 2613 1904 2640 cccl.
1925 2613 2064 2645 laodien..
2082 2614 2123 2640 ita
2139 2615 2173 2639 ut
2188 2611 2368 2640 eoem

1301 2666 1414 2684 suarum
1433 2658 1575 2684 antistites
1593 2661 1756 2684 remaneant
1773 2662 1803 2684 et
1822 2658 1964 2689 beneficia,
1984 2666 2056 2692 quae
2074 2660 2159 2684 antea
2176 2653 2366 2692 pii-flebat.

1301 2703 1452 2733 retineant;
1478 2710 1548 2736 quos
1572 2702 1685 2737 quidem
1709 2702 1862 2728 cardinales
1886 2703 1915 2728 in
1939 2702 2102 2729 consistorio
2125 2709 2187 2736 gen.
2212 2707 2293 2736 sequ.
2314 2705 2367 2736 m

1303 2747 1454 2780 assumptis
1468 2745 1670 2780 pronuntiauit,
1683 2746 1728 2772 die
1741 2749 1836 2773 autem
1849 2747 1866 2773 3
1881 2746 1945 2773 Jan.
1963 2747 2031 2773 144⁹
2044 2747 2072 2772 in
2085 2745 2248 2773 eonii-torio
2259 2745 2368 2774 m

1302 2791 1341 2818 eis
1362 2790 1411 2816 hos
1432 2790 1529 2817 titulos
1548 2791 1703 2825 assignans:

1406 2834 1535 2869 Asioi-gio
1557 2835 1676 2869 archiep.
1702 2834 1804 2861 Benev.
1830 2835 1873 2861 tit.
1898 2843 1919 2861 s.
1946 2834 2058 2861 Eusebii

1407 2878 1507 2905 latino
1528 2878 1647 2913 archiep.
1668 2878 1786 2905 Trarion.
1809 2879 1852 2906 tit.
1875 2887 1909 2905 ss.
1933 2878 2052 2906 Joannis
2071 2882 2101 2905 et
2122 2877 2202 2905 Pauli

1407 2923 1496 2949 Alano
1518 2931 1561 2957 ep.
1586 2922 1667 2949 Avin.
1692 2923 1735 2949 tit.
1760 2931 1781 2949 s.
1806 2923 1938 2950 Praxedis

2373 2828 2397 2856 J·

2402 2790 2436 2998 zea-...Auem
2418 2598 2436 2786 summ
2418 2471 2436 2597 ..affl-0.»
2416 2349 2436 2490 “Qu''
2422 2426 2424 2428 ·
2417 2395 2418 2398 ⁴
2405 1855 2436 2347 ‚acmes-fazzssffissuzmrssiffiexffli2“
2423 1896 2426 1899 ·
2414 1667 2436 1867 „ssimum-2
2420 1690 2426 1697 ¹·
2425 1661 2436 1674 J.
2397 1494 2436 1601 Q*
2407 1325 2436 1496 emmim
2411 1230 2414 1231 ’
2413 1189 2416 1190 ’
