2436 3328
892 170 1122 206 Oardinales
1145 169 1220 205 sub
1242 169 1407 205 Nicolao
1430 169 1465 205 V
2261 175 2295 207 11

94 275 127 316 3)
147 274 279 306 Latinus
295 274 334 306 de
351 274 483 309 Ursinis,
505 284 574 314 aep.
596 273 730 304 Tranen.
757 289 788 299 =
813 274 864 305 tit.
886 284 925 304 ss.
949 273 1022 305 Joh.
1044 276 1077 304 et
1095 272 1197 311 Pauli,
1217 272 1290 304 dein
1311 274 1404 312 (1468
1425 273 1495 305 Oct.
1518 274 1568 312 14)
1589 284 1637 314 ep.
1659 273 1826 304 Tusculan.
1850 274 1901 313 (de
1920 274 2070 315 Ursinis);
2085 275 2109 315 l)

93 327 127 368 4)
146 327 268 359 Alanus
285 327 324 359 (le
343 327 479 362 coetivy,
500 337 548 367 ep.
570 326 758 359 Avinionen.
784 342 816 352 =
841 327 892 358 tit.
913 337 939 359 s.
960 326 1121 364 Praxedis,
1142 326 1215 357 dein
1235 337 1284 367 ep.
1305 326 1500 358 Praenestin.
1524 327 1616 366 (1465
1638 326 1714 357 Jun.
1737 326 1767 366 7)
1789 331 1821 357 et
1844 327 1991 359 Sabinen.
2014 328 2105 367 (1472
2126 329 2202 361 Dec.
2238 331 2299 370 11),

14 382 59 422 4⁷3,
90 415 92 418 7
277 379 535 419 (Avinionensis),
555 379 575 419 †
595 379 672 410 1474
691 379 766 411 Maii
785 380 846 420 3;²)
866 390 896 411 v.
917 379 999 421 App.
1020 379 1035 410 I
1055 390 1101 410 nr.
1124 379 1191 417 147,
1213 380 1280 418 158,
1303 380 1370 417 166,
1392 379 1459 417 187,
1479 380 1549 416 260,
1569 380 1639 416 282,
1659 381 1728 416 291,
1748 381 1818 417 323,
1838 381 1907 417 326,
1927 382 1986 412 343
1994 392 2001 418 ;

93 433 126 473 5)
149 432 288 465 loannes
308 433 413 468 nolin,
436 443 485 474 ep.
508 432 649 464 Aeduen.
675 447 707 458 =
733 433 783 464 tit.
807 443 832 466 s.
857 432 1011 473 Stephani
1032 433 1064 463 in
1087 432 1191 463 Coelio
1213 436 1321 463 monte
1345 432 1554 472 (Aeduensis),
1578 433 1597 472 †
1622 433 1698 463 1483
1723 432 1798 464 Jun.
1822 434 1860 463 22
1869 433 1902 472 ;³)

4 489 11 500 ³
96 486 128 526 6)
149 485 308 522 Philippus
322 486 510 521 calandrinss
526 496 574 527 ep.
591 485 776 523 Bononien.,
792 485 890 516 frater
904 485 1047 516 uterinus
1064 485 1094 516 S.
1110 485 1145 516 P.
1172 500 1203 510 =
1229 485 1280 516 tit.
1296 496 1320 516 s.
1339 485 1512 522 Susannae,
1527 485 1600 516 dein
1616 496 1664 526 ep.
1681 485 1835 516 Albanen.
1853 487 1944 526 (1468
1956 486 2025 518 Oct.
2039 488 2088 527 14)
2104 491 2137 519 et
2147 488 2297 520 Portuen.

42 531 47 538 .
255 538 364 578 .(1471
392 539 472 580 Aug.
499 539 561 578 30),
589 538 831 578 (Bononiensis),
857 538 1124 569 Poenitentiarius
1148 538 1260 580 major,
1287 538 1306 578 †
1333 538 1410 569 1476
1437 538 1501 570 Jul.
1531 540 1567 569 18
1592 538 1632 569 al.
1659 539 1751 578 22;4)

93 590 125 631 7)
145 591 292 623 nicolaus
312 592 350 624 de
371 592 461 628 cusa,
482 602 565 633 mag.
587 591 681 629 decr„
703 591 803 622 adiac.
826 591 1020 622 Brabantiae
1041 591 1072 622 in
1094 591 1167 622 eccl.
1189 591 1337 622 Leodien.
1364 606 1396 617 =
1421 592 1472 623 tit.
1494 603 1518 623 s.
1541 592 1627 623 Petri
1649 591 1689 622 ad
1711 592 1793 623 vinc.
1817 593 1853 631 (s,
1876 592 1962 623 Petri
1983 593 2024 624 ad
2046 593 2157 633 vinc.);
2170 594 2196 633 ⁵)

706 697 734 736 c)
757 697 792 728 in
812 697 899 728 tertia
919 698 1107 738 promotione
1127 697 1176 728 die
1197 697 1216 728 7
1238 697 1291 736 (23
1301 698 1327 736 2)
1350 697 1428 738 Apr.
1451 697 1532 729 1449
1552 697 1666 729 habita:

92 776 124 815 8)
145 776 303 808 Αιιιοᾱοῦε
323 777 361 808 de
383 777 548 812 sabaudia,
570 776 723 817 antipapa
745 775 833 806 Felix
854 776 891 813 V,
914 776 1072 817 resignato
1094 777 1286 818 antipapam
1308 780 1432 808 creatus
1453 787 1502 817 ep.
1527 776 1686 814 Sabinen.,
1710 778 1728 817 †
1750 777 1778 808 7.
1803 778 1876 809 Jan.
1902 780 1993 816 1451;

724 881 759 921 d)
781 882 816 912 in
836 887 944 922 quarta
963 882 1151 923 promotione
1171 881 1221 913 die
1241 881 1281 912 19
1301 882 1373 913 Dec.
1396 881 1477 913 1449
1497 882 1600 914 habita

155 946 280 984 praeter
298 944 484 975 restitutum
501 943 695 975 Ludovieum
712 944 881 975 Alamandi
901 945 944 983 (v.
965 954 1060 985 supra
1080 943 1106 981 I,
1127 945 1178 983 33)
1198 943 1231 974 hi
1251 944 1425 975 cardinales
1444 955 1463 975 a
1483 944 1547 976 Fel.
1568 945 1597 976 V
1615 946 1713 977 creati
1732 957 1750 977 a
1770 946 1839 977 Nic.
1861 946 1889 978 V
1907 947 2088 979 confirmati
2108 952 2197 980 sunt:
2210 949 2236 989 ⁶)

96 1024 128 1063 9)
151 1025 290 1056 Ioannes
308 1025 346 1056 de
364 1024 473 1059 Arsii8‚
493 1034 562 1064 aep.
583 1023 798 1055 Tarentasien.
825 1037 856 1048 =
882 1022 932 1053 tit.
954 1034 994 1054 ss.
1016 1023 1109 1054 Nerei
1129 1026 1161 1054 et
1181 1023 1258 1054 Ach.
1281 1023 1552 1063 (Tarentasiensis,
1573 1025 1628 1056 cfr.
1651 1025 1715 1063 IIa,
1736 1027 1798 1066 20),
1820 1027 1839 1066 †
1861 1028 1938 1058 1454
1957 1027 2034 1059 Dec.
2058 1029 2108 1066 12;

77 1077 127 1116 10)
147 1077 322 1109 ludovicus
343 1077 381 1109 de
401 1077 608 1112 Varambone‚
631 1087 680 1117 ep.
703 1076 899 1107 Maun‘anen.
925 1091 957 1101 z
983 1077 1033 1108 tit.
1057 1087 1080 1107 s.
1105 1076 1292 1108 Anastasiae
1316 1076 1367 1116 (de
1389 1077 1590 1109 Varambone
1612 1089 1667 1109 seu
1689 1079 1927 1117 Maurianensis,
1950 1080 2006 1112 cfr.
2030 1081 2094 1118 IIa,
2120 1083 2164 1121 1);
2186 1082 2211 1122 7)

75 1130 126 1170 11)
149 1130 321 1162 Guilelmus
342 1130 485 1165 Hugonis
507 1130 545 1162 de
569 1130 685 1165 stagno
709 1129 912 1170 (d'Estaing),
936 1129 1036 1160 adiac.
1061 1129 1177 1160 Meten.
1204 1145 1236 1155 =
1261 1130 1311 1161 tit.
1337 1141 1360 1161 s.
1388 1130 1523 1162 Sabinae
1548 1131 1719 1170 (Metensis,
1743 1132 1798 1163 cfr.
1824 1132 1888 1170 IIa,
1912 1134 1975 1173 23).
1988 1133 2014 1173 ⁸)

990 1248 1059 1283 1v.
1106 1247 1290 1282 calixtus
1313 1248 1385 1283 111.

73 1327 169 1356 antea
183 1323 332 1355 Aflonsus
347 1323 454 1365 Borja,
472 1324 522 1355 tit.
540 1335 580 1355 ss.
599 1324 644 1355 IV
659 1324 806 1356 Coronat.
825 1325 927 1366 presb.
945 1325 1029 1356 card.
1049 1324 1278 1362 „Valentinus“
1296 1335 1351 1355 seu
1369 1325 1643 1362 „Valentinensis“
1662 1327 1704 1365 (v.
1723 1337 1818 1367 supra
1835 1326 1878 1364 II,
1896 1328 1958 1366 23),
1976 1328 2098 1359 Romae
2116 1329 2159 1368 (in
2177 1329 2297 1369 palatio

443 1377 612 1417 Vaticano)
634 1377 752 1409 electus
773 1378 823 1409 die
845 1379 864 1408 8
886 1381 918 1409 et
939 1382 1109 1409 coronatus
1130 1378 1180 1409 die
1202 1379 1242 1408 20
1263 1378 1338 1418 Apr.
1363 1379 1455 1415 1455;
1489 1378 1569 1409 obiit
1590 1379 1640 1410 die
1662 1380 1680 1409 6
1702 1379 1782 1420 Aug.
1808 1380 1923 1419 14589)

178 1534 281 1561 Joanni
300 1543 342 1568 ep.
363 1534 486 1560 Aeduen.
508 1535 551 1561 tit.
573 1543 593 1561 s.
617 1535 750 1569 Stephani
770 1535 799 1560 in
818 1535 909 1561 Coelio
929 1539 1023 1562 monte

177 1578 305 1613 Philippo
327 1587 368 1612 ep.
394 1579 544 1605 Bononien.
569 1580 612 1605 tit.
637 1588 657 1605 s.
684 1579 826 1605 Susannae

177 1622 291 1649 Nicolao
310 1622 344 1648 de
363 1623 435 1649 Ousa
454 1624 498 1649 tit.
519 1632 539 1649 s.
561 1623 636 1649 Petri
655 1623 691 1649 ad
711 1624 828 1649 vincula.

72 1665 179 1692 Eodem
198 1666 242 1693 die
263 1668 279 1693 3
300 1667 364 1693 Jan.
389 1668 456 1693 1449
478 1667 504 1694 S.
526 1667 556 1693 P.
578 1668 687 1701 aperuit
708 1676 738 1693 os
758 1668 943 1693 cardinalibus
963 1668 1063 1694 Latino
1084 1669 1127 1694 tit.

20 1705 28 1712 '⁷
71 1717 108 1737 ι.
129 1710 194 1737 Joh.
214 1714 244 1737 et
263 1711 342 1737 Pauli
363 1711 416 1742 „de
435 1711 561 1737 Ursinis“
581 1715 610 1737 et
630 1711 718 1737 Alano
739 1712 782 1737 tit.
804 1720 824 1737 s.
847 1712 978 1738 Praxedis
999 1712 1129 1743 „Avinio-

72 1753 169 1781 nexisi“
194 1755 268 1789 vulg.
296 1756 472 1789 nuncupatis,
499 1756 547 1789 qui
572 1756 733 1789 inceperunt
760 1757 937 1789 participare3
965 1756 1009 1782 die
1035 1760 1130 1782 autem
1183 1757 1184 1770 ³

73 1797 91 1824 9
110 1797 188 1825 Junii
209 1799 276 1825 1449
296 1799 428 1825 cardinali
449 1800 693 1830 „Beneventano“,
714 1800 758 1825 die
778 1801 812 1826 25
833 1800 889 1826 Jul.
913 1801 980 1826 1449
1000 1801 1130 1826 Fabriani

73 1841 159 1868 dioec.
182 1842 351 1869 Camerinen.
376 1843 504 1878 Philippo
526 1845 570 1870 tit.
595 1852 616 1870 s.
643 1844 784 1870 Susannae
807 1845 896 1878 presb.
921 1845 994 1870 card.
1021 1845 1129 1875 „Bono-

73 1885 188 1912 niensi“.
230 1886 306 1913 Arm.
329 1887 439 1918 XXXI,
461 1888 495 1914 52
516 1888 535 1913 f.
558 1889 600 1914 20.

144 1930 166 1962 ¹)
185 1930 202 1962 †
224 1931 291 1958 1477
312 1930 382 1965 Aug.
406 1932 446 1957 11.
484 1932 536 1958 Die
556 1933 573 1958 8
594 1931 663 1966 Aug.
688 1933 754 1959 1477
776 1933 926 1966 resignavit
947 1933 1013 1958 haec
1035 1941 1129 1958 mona-

73 1974 168 2000 steria:
200 1975 226 2006 l)
244 1974 374 2000 Farfense
392 1974 424 2001 O.
445 1975 472 2002 S.
491 1976 524 2001 B.
543 1976 609 2002 null.
628 1976 724 2007 dioec„
753 1977 780 2008 2)
799 1985 819 2002 s.
842 1977 993 2003 Salvatoris
1011 1977 1076 2010 maj.
1097 1977 1128 2003 Ο.

75 2017 102 2044 S.
119 2017 152 2044 Β.
169 2018 254 2044 dioec.
272 2018 387 2050 Aretin„
413 2020 441 2051 3)
457 2028 478 2045 s.
497 2019 631 2053 Stephani
646 2023 726 2046 extra
741 2029 834 2046 muros
851 2021 1028 2047 Sei-monetae
1044 2021 1128 2046 dioec.

73 2061 220 2093 Terracin„
250 2063 277 2095 4)
297 2062 332 2088 de
350 2063 488 2089 Vulturno
508 2063 539 2090 Ο.
562 2063 588 2090 S.
610 2064 641 2089 B.
662 2064 747 2090 dioec.
768 2065 848 2095 null.;
878 2066 998 2099 primum
1017 2065 1130 2091 Cosmas

73 2105 108 2132 de
130 2106 237 2132 Ursinis
260 2107 335 2139 (VII,
358 2108 413 2139 25),
435 2107 495 2140 ejus
516 2116 610 2141 nepos,
632 2109 661 2134 in
682 2109 805 2139 titulum,
828 2109 978 2135 secundum
1001 2109 1131 2143 Baptista

73 2149 108 2176 de
128 2150 235 2176 Ursinis
257 2151 332 2182 (VII,
354 2152 408 2183 53),
430 2151 500 2177 alter
520 2160 614 2186 nepos,
634 2153 663 2177 in
684 2161 793 2183 comm.,
815 2154 929 2179 tertium
950 2157 978 2179 et
999 2157 1131 2187 quartum

73 2193 187 2220 Carolus
209 2194 244 2220 de
267 2195 382 2226 Ursinis,
406 2195 479 2221 idem
502 2204 596 2229 nepos,
619 2196 667 2222 sed
690 2196 829 2222 defectum
851 2197 936 2223 natal.
962 2198 1078 2231 patiens,
1103 2198 1131 2223 in

73 2246 172 2264 comm.
191 2242 353 2272 receperunt
371 2239 444 2271 (Obl.
463 2240 507 2270 83,
525 2241 579 2271 49).
614 2240 694 2266 Card.
713 2240 829 2266 Latinus
846 2241 1038 2267 commendam
1056 2250 1128 2267 mon.

73 2281 211 2308 Fal-tensis
236 2282 388 2308 obtinuisse
413 2283 532 2314 videtur,
559 2292 644 2317 quum
670 2293 694 2310 a.
723 2285 790 2310 1450
815 2286 964 2319 resignaret
989 2286 1130 2311 ecclesiam

73 2325 200 2357 Ttaneu„
218 2327 255 2352 ad
272 2335 357 2360 quam
376 2328 498 2353 Joannes
516 2328 550 2353 de
568 2328 682 2358 Ursinis,
701 2331 768 2354 tunc
786 2329 872 2354 abbas
891 2338 962 2355 mon.
982 2329 1128 2360 Farfensis,

74 2373 218 2404 promotus
231 2374 282 2397 est.
312 2371 344 2397 V.
360 2369 432 2405 App.
450 2372 463 2397 I
480 2380 519 2397 nr.
538 2373 596 2402 147,
613 2373 672 2402 232,
688 2373 749 2403 253,
765 2373 825 2403 254,
841 2374 901 2404 260,
917 2374 977 2404 262,
994 2374 1053 2404 285,
1070 2374 1129 2404 293,

74 2414 135 2445 295,
147 2415 208 2445 296,
220 2415 281 2446 299,
294 2415 354 2442 367.
379 2415 433 2442 cfr.
447 2424 531 2449 supra
543 2419 600 2442 not.
615 2416 650 2441 ad
664 2416 686 2446 Ι,
700 2418 716 2441 4
728 2419 757 2442 et
769 2417 841 2442 inira
853 2417 898 2443 lib.
913 2417 942 2443 II
955 2426 975 2443 s.
990 2426 1015 2443 v.
1031 2418 1128 2443 Baren.

143 2457 166 2490 ²)
185 2458 236 2484 Die
254 2460 286 2485 18
302 2459 367 2485 Dec.
387 2460 454 2485 1469
470 2461 619 2493 resignavit
635 2469 708 2486 mon.
727 2461 835 2486 Rosien.
853 2461 938 2487 dioec.
956 2462 1128 2487 Lemovicen.

75 2501 128 2528 sibi
141 2503 366 2529 commendatum
381 2507 410 2530 et
425 2504 459 2530 20
475 2504 543 2530 Julii
560 2505 627 2531 1474
642 2506 809 2530 monasterio
824 2514 843 2530 s.
863 2505 1014 2531 Salvatoris
1028 2506 1062 2531 de
1078 2506 1130 2531 Re-

74 2548 142 2572 ωιιο
166 2546 199 2573 Ο.
227 2547 254 2573 S.
272 2547 303 2573 B.
321 2547 406 2574 dioec.
425 2548 556 2574 Veneten.
581 2557 629 2582 per
644 2549 704 2581 ejus
720 2549 763 2574 ob.
782 2550 893 2575 vacanti
910 2553 1000 2575 certus
1017 2550 1130 2583 quidam

38 2588 42 2591 ’
75 2589 162 2616 abbas
178 2591 334 2624 praefectus
350 2595 393 2618 est
421 2592 493 2624 (Obl.
513 2593 556 2623 83,
576 2594 608 2618 15
625 2595 654 2618 et
671 2593 724 2624 32).
761 2593 814 2619 Cfr.
834 2593 880 2620 lib.
899 2594 928 2619 II
947 2602 966 2619 s.
986 2602 1012 2619 v.
1033 2594 1128 2619 Dolen.

144 2633 167 2666 8)
186 2634 237 2661 Die
256 2636 288 2661 14
305 2635 374 2662 Julii
392 2637 459 2663 1473
476 2645 548 2662 mon.
567 2645 587 2662 s.
605 2637 708 2662 Mariae
724 2637 759 2662 de
776 2637 893 2663 Balerna
910 2638 941 2663 Ο.
960 2638 1026 2665 Cist.
1044 2638 1128 2663 dioec.

75 2677 212 2704 Bisuntin.
232 2687 292 2705 vac.
312 2687 360 2713 per
377 2681 526 2706 cessionem
545 2681 724 2706 commendas
743 2681 780 2707 illi
799 2681 871 2707 card.
892 2682 983 2707 factae
1001 2682 1131 2707 Anselmo

75 2725 214 2756 protonot.
236 2726 324 2757 apost.
346 2726 375 2750 et
397 2725 427 2750 ll
450 2724 521 2750 Nov.
546 2725 610 2751 1481
634 2733 707 2750 mon.
729 2733 749 2751 s,
772 2725 884 2751 Martini
905 2726 1027 2751 Aeduen.
1050 2726 1131 2752 simili

75 2766 158 2792 modo
177 2775 237 2793 vac.
259 2767 362 2793 Joanni
382 2768 474 2794 Rolini
493 2771 632 2802 protonot.
654 2772 743 2803 apost.
765 2770 792 2795 in
813 2778 911 2795 comm.
933 2770 1128 2796 conceduntur.

75 2810 147 2842 (Obl.
167 2811 210 2841 83,
229 2811 264 2836 28
282 2814 310 2837 et
328 2812 381 2843 74).
418 2812 451 2838 V.
470 2812 541 2846 App.
562 2813 575 2838 I
594 2821 634 2839 nr.
657 2814 715 2843 153,
736 2814 794 2844 155,
815 2815 873 2843 194,
893 2814 952 2840 206.

143 2853 166 2886 ⁴)
185 2855 238 2880 Per
256 2855 316 2888 ejus
335 2855 443 2882 obitum
462 2857 602 2883 vacabant
622 2857 688 2883 haec
708 2858 883 2888 monasteria,
904 2867 975 2891 quae
994 2858 1045 2892 ipsi
1065 2858 1130 2884 olim

73 2898 103 2924 in
122 2906 220 2924 comm.
241 2907 370 2925 concessa
388 2903 476 2931 erant,
496 2909 546 2927 sc.:
579 2902 604 2933 1)
625 2909 645 2927 s.
666 2901 759 2927 Crucis
778 2902 813 2927 de
834 2902 974 2928 Saxovivo
994 2902 1025 2928 O.
1049 2902 1074 2928 S.
1096 2902 1128 2928 B.

73 2941 159 2970 dioec.
179 2943 296 2977 Fulgin„
325 2943 352 2975 2)
371 2943 406 2969 de
423 2944 534 2970 Cen-eto
552 2945 584 2971 Ο.
604 2945 669 2972 cist.
689 2945 774 2972 dioec.
795 2946 927 2977 Lauden.,
956 2947 983 2978 3)
1002 2955 1023 2972 s.
1043 2947 1129 2972 Bene-

1237 1537 1304 1562 dicti
1319 1537 1354 1562 de
1371 1536 1479 1562 Gualdo
1495 1537 1526 1563 O.
1546 1537 1572 1563 S.
1590 1537 1621 1563 B.
1638 1537 1723 1563 dioec.
1741 1538 1879 1568 Nucerin.,
1905 1540 1932 1570 4)
1949 1547 1968 1564 s.
1986 1539 2088 1565 Mariae
2103 1540 2138 1566 de
2155 1540 2236 1568 Senia
2252 1544 2294 1576 (ἲ)

1238 1581 1269 1606 O.
1295 1581 1320 1607 S.
1344 1581 1375 1606 B.
1398 1581 1483 1606 dioec.
1506 1582 1644 1612 Nueen‘n„
1676 1583 1703 1613 5)
1725 1590 1745 1607 s.
1769 1582 1871 1608 Mariae
1892 1583 1926 1608 de
1949 1583 2044 1609 Strata
2065 1583 2096 1609 O.
2120 1584 2184 1611 Cist.
2207 1587 2293 1614 dioec.

1182 1638 1184 1647 Δ,
1237 1625 1403 1655 Bononien.;
1423 1626 1542 1658 primum
1562 1634 1634 1651 mon.
1654 1626 1763 1651 Marcus
1782 1627 1824 1652 tit.
1845 1635 1865 1652 s.
1885 1627 1971 1652 Marci
1989 1628 2077 1661 presb.
2098 1629 2181 1660 card„
2201 1639 2294 1657 secun-

1237 1669 1303 1694 dum
1333 1669 1484 1695 Guilelmus
1510 1669 1545 1695 de
1572 1670 1716 1695 Estoutev.
1745 1679 1787 1704 ep.
1816 1671 1930 1701 Ostien.,
1958 1672 2072 1697 tertium
2100 1673 2223 1701 Joannes
2250 1676 2294 1702 tit.

1236 1722 1256 1739 s.
1281 1714 1413 1739 Praxedis
1435 1714 1523 1747 presb.
1548 1714 1621 1739 card.
1645 1715 1830 1745 Novariensis,
1854 1719 1985 1748 quartum
2009 1716 2131 1743 Joannes
2153 1726 2174 1743 s.
2198 1719 2296 1754 Angeli

1236 1757 1306 1783 diac.
1333 1758 1416 1788 eard„
1443 1758 1571 1791 quintum
1597 1758 1783 1791 Hieronymus
1807 1767 1848 1792 ep.
1876 1759 2020 1793 Albingan.
2047 1761 2075 1785 in
2099 1769 2197 1788 comm.
2224 1764 2294 1790 obti-

1236 1805 1357 1827 nuerunt
1377 1802 1444 1828 1476
1464 1802 1520 1828 Jul.
1541 1803 1574 1828 26
1594 1802 1665 1833 (Obl.
1686 1803 1728 1833 43,
1748 1803 1801 1834 83).
1839 1803 1870 1829 V.
1891 1803 1961 1837 App.
1982 1804 1996 1829 Ι
2015 1813 2054 1830 nr.
2077 1806 2135 1836 134,
2156 1807 2214 1838 141,
2236 1809 2294 1839 147,

1238 1846 1297 1876 148,
1321 1846 1380 1875 211,
1404 1846 1464 1876 231,
1487 1847 1547 1876 285,
1570 1847 1630 1877 300,
1654 1847 1714 1877 302,
1737 1847 1797 1877 303,
1821 1848 1880 1877 307,
1904 1848 1964 1878 313,
1987 1849 2046 1874 353.

1307 1889 1328 1921 5)
1349 1890 1364 1922 †
1382 1891 1450 1916 1464
1465 1890 1534 1923 Aug.
1555 1891 1599 1920 12;
1626 1899 1652 1916 v.
1670 1891 1741 1924 App.
1760 1891 1773 1916 I
1790 1900 1829 1917 nr.
1849 1892 1907 1922 128,
1927 1893 1984 1922 138,
2003 1894 2061 1923 156,
2081 1894 2139 1924 192,
2158 1895 2216 1926 198,
2234 1897 2294 1928 207,

1237 1934 1297 1964 226,
1319 1935 1379 1964 228,
1401 1935 1461 1964 231,
1483 1935 1543 1965 232,
1565 1935 1625 1965 235,
1647 1935 1710 1965 250;
1733 1935 1777 1960 lib.
1801 1936 1830 1961 II
1851 1944 1871 1961 s.
1894 1945 1919 1961 v.
1943 1937 2081 1962 Brixinen.

1307 1977 1328 2010 ο)
1349 1978 1400 2003 Die
1422 1978 1534 2004 Veneris
1558 1979 1589 2004 19
1611 1979 1676 2004 Dec.
1703 1980 1769 2004 1449
1793 1979 1819 2005 S.
1843 1980 1876 2005 D.
1900 1980 1934 2006 N.
1958 1981 1985 2005 in
2007 1982 2168 2008 consistorio
2190 1987 2295 2010 secreto

1237 2022 1357 2048 absolvit
1382 2022 1521 2048 Joannem
1545 2022 1579 2048 de
1603 2022 1688 2048 Arsiis
1713 2023 1831 2057 archiep.
1857 2024 2043 2051 Tarentasien.
2070 2028 2098 2051 et
2122 2026 2295 2054 Ludovicum

1237 2066 1271 2092 de
1286 2066 1460 2092 Varambone
1476 2075 1517 2100 ep.
1534 2067 1703 2093 Maurianen.
1721 2076 1737 2092 a
1752 2068 1877 2099 vinculis,
1894 2069 1994 2102 quibus
2009 2069 2090 2095 dictis
2105 2071 2161 2096 suis
2176 2072 2295 2098 ecclesiis

1237 2110 1412 2141 tenebantur,
1430 2114 1458 2136 et
1474 2110 1584 2136 eosdem
1601 2119 1706 2137 necnon
1725 2111 1892 2137 Guilelmum
1908 2113 2012 2146 Ugonis
2029 2114 2174 2141 archidiac.
2192 2116 2293 2143 Mcten.

1238 2156 1318 2188 (quos
1338 2155 1395 2187 jam
1417 2155 1493 2180 Felix
1514 2155 1647 2189 antipapa
1668 2156 1695 2180 in
1716 2156 1867 2182 cardinales
1887 2159 2075 2190 promoverat)
2106 2158 2140 2184 de
2161 2168 2294 2186 consensu

1237 2199 1361 2224 omnium
1380 2199 1559 2224 cardinalium
1578 2200 1606 2224 in
1627 2200 1653 2225 S.
1675 2200 1707 2225 R.
1729 2200 1760 2225 E.
1781 2200 1932 2226 cardinales
1951 2201 2125 2235 presbyteros
2143 2205 2248 2230 creavit
2266 2208 2295 2230 et

1237 2243 1395 2276 assumpsit,
1419 2243 1544 2268 ecclesias
1566 2243 1725 2269 eorumdem
1748 2245 1813 2277 ipsis
1835 2245 2067 2276 commendando;
2091 2255 2160 2280 quos
2182 2248 2294 2282 quidem

1183 2290 1185 2323 ς
1238 2287 1389 2312 cardinales
1415 2287 1488 2312 idem
1508 2287 1534 2313 S.
1554 2287 1588 2312 D.
1608 2288 1641 2313 N.
1670 2287 1714 2313 die
1736 2288 1846 2314 sabbati
1864 2289 2023 2315 immediate
2040 2292 2166 2324 sequenti
2184 2293 2212 2317 in
2229 2301 2294 2318 con-

1183 2337 1184 2366 }
1237 2332 1345 2356 sistorio
1364 2331 1482 2363 generali
1502 2331 1611 2364 publico
1630 2340 1680 2365 pro
1699 2333 1798 2358 creatis
1817 2336 1845 2358 et
1865 2334 2014 2367 assumptis
2042 2334 2202 2367 publicavit.
2242 2337 2293 2362 Die

1237 2375 1331 2400 Lunae
1347 2375 1376 2400 II
1392 2375 1428 2400 id.
1447 2375 1510 2401 Jan.
1528 2384 1552 2401 a.
1572 2377 1639 2401 1450
1657 2376 1682 2402 S.
1700 2376 1734 2402 D.
1751 2377 1785 2403 N.
1803 2377 1831 2402 in
1847 2378 2007 2403 consistorio
2023 2382 2127 2404 secreto
2142 2381 2294 2413 assignavit

1237 2419 1421 2445 cardinalibus
1446 2419 1626 2453 infrascriptis
1650 2420 1746 2446 titulos
1770 2421 1892 2446 infrascr.
1918 2422 2057 2448 videlicett

1343 2463 1446 2489 Joanni
1468 2463 1586 2497 archiep.
1610 2464 1796 2490 Tarentasien.
1821 2465 1864 2491 tit.
1888 2474 1922 2491 ss.
1946 2466 2027 2492 Nerei
2049 2469 2078 2492 et
2100 2467 2222 2498 Achillei,

1342 2507 1483 2533 Ludovico
1504 2516 1546 2541 ep.
1568 2508 1737 2534 Maurianen.
1761 2510 1804 2535 tit.
1827 2518 1847 2534 s.
1871 2509 2042 2541 Anastasiae,

1344 2551 1480 2577 Guilelmo
1502 2552 1606 2586 Ugonis
1629 2553 1774 2578 archidiac.
1799 2553 1899 2579 Meten.
1924 2554 1967 2579 tit.
1992 2563 2012 2580 s.
2039 2554 2165 2585 Sabinae,

1237 2595 1423 2629 praefatisque
1445 2596 1628 2622 cardinalibus
1650 2597 1918 2623 administrationem
1940 2598 2085 2624 titulorum
2106 2599 2243 2625 dictorum
2265 2601 2293 2625 in

1236 2640 1323 2673 spirit.
1348 2642 1376 2665 ct
1399 2642 1514 2674 tempor.
1539 2641 1684 2667 commisit.
1730 2641 1784 2667 Cfr.
1809 2641 1869 2667 Obl.
1895 2644 1914 2667 t.
1939 2643 1972 2669 72
1995 2643 2013 2668 f.
2038 2643 2079 2668 39.

1307 2683 1328 2715 ⁷)
1349 2684 1364 2716 †
1390 2685 1454 2710 1451
1481 2684 1555 2718 Sept.
1580 2685 1626 2715 2l;
1651 2694 1675 2710 v.
1700 2685 1771 2719 App.
1796 2686 1809 2711 I
1833 2694 1872 2711 nr.
1899 2687 1947 2713 137
1970 2690 1999 2712 et
2023 2687 2080 2712 146.

1306 2727 1328 2759 ⁸)
1349 2727 1364 2759 †
1381 2729 1448 2754 1455
1463 2728 1523 2754 Oct.
1540 2730 1586 2759 283
1603 2738 1628 2754 v.
1646 2729 1715 2763 App.
1733 2730 1746 2755 I
1762 2738 1801 2755 nr.
1820 2731 1877 2760 136,
1896 2731 1953 2760 147,
1972 2731 2029 2761 153,
2047 2731 2105 2761 158,
2123 2732 2185 2762 168;
2201 2732 2246 2757 lib.
2263 2732 2292 2757 II

1236 2779 1257 2797 s.
1281 2780 1307 2797 V.
1333 2771 1468 2798 Sedunen.
1493 2776 1522 2799 et
1543 2773 1708 2806 Forojulien.

1307 2815 1328 2847 ⁹)
1348 2816 1400 2841 Die
1421 2817 1438 2842 4
1459 2817 1525 2851 Apr.
1551 2819 1618 2843 1455
1641 2817 1707 2843 hora
1729 2817 1835 2843 decima
1857 2821 1957 2844 octava
1979 2819 2022 2844 vel
2044 2819 2124 2850 circa,
2147 2828 2217 2853 quae
2239 2820 2293 2846 fuit

1236 2858 1294 2885 dies
1311 2859 1423 2886 Veneris
1440 2864 1520 2887 sexta.
1536 2861 1603 2887 feria
1622 2862 1732 2894 majoris
1750 2862 1947 2893 hebdomadae,
1966 2863 2090 2889 osculato
2106 2863 2180 2897 ligno
2197 2865 2292 2894 cmcis,

1237 2911 1307 2936 quae
1326 2903 1379 2930 fuit
1398 2904 1459 2930 ΧΠ
1486 2914 1503 2931 a
1521 2905 1565 2931 die
1583 2906 1676 2931 obitus
1695 2906 1800 2931 Nicolai
1820 2906 1851 2937 V,
1871 2907 1950 2939 cujus
1968 2908 2100 2941 exequiae
2119 2908 2292 2941 praecedenti

1236 2947 1280 2973 die
1300 2949 1426 2981 proximo
1446 2949 1558 2975 fuerunt
1578 2950 1739 2983 completae,
1761 2950 1911 2976 cardinales
1931 2951 2098 2985 infrascripti
2118 2951 2292 2978 intraverunt

2085 3001 2123 3032 2*
