2436 3328
87 255 247 301 11101).
265 266 358 306 (1450
372 265 447 297 Feb.
465 266 516 305 25)

92 317 113 355 ''2''
157 318 229 351 Joa.
249 318 291 350 ad
309 318 481 350 Florentin.

163 371 262 413 (nug.
280 370 359 402 1470
373 371 448 412 Apr.
465 372 516 411 25)

167 424 300 456 Antonii
323 423 428 463 (1477)

120 624 143 642 ι.
164 607 330 648 Thomael)

86 648 91 654 .
545 609 713 645 Antonius,
735 620 784 650 ep.
807 609 1044 640 Montiscorvin.

81 658 295 698 Ἑ.ΑΠΫ101111

547 662 685 693 Jaeobus
705 662 745 693 (18
767 662 874 699 Τ11118,
897 662 979 693 decr.
1002 662 1114 693 doctor

78 898 150 938 ὠ.
172 898 327 932 Gnidonis
349 899 480 938 (1460)¹)

121 975 172 990 ..
194 951 348 984 Ludovici

174 1139 308 1172 Joannis
331 1140 435 1178 (1433)

82 1184 164 1238 j'ff'Jv.
186 1192 218 1224 h.
241 1192 359 1223 admin.

68 1239 151 1278 '³³51.
173 1245 338 1277 Benedicti

79 1323 140 1337 ,.
162 1298 240 1330 Tho.
263 1298 305 1330 ad
326 1298 461 1329 Nitrien.

82 1353 118 1387 ’1
132 1377 140 1385 .
161 1351 254 1383 Dem.
277 1351 319 1382 ad
343 1351 483 1383 Jaurien.

82 1418 135 1452 ‘sp‘
142 1429 152 1438 .
174 1404 338 1444 oswaldi4)

556 1351 727 1386 oswaldus,
750 1351 812 1382 def.
835 1355 902 1382 nat.
925 1352 1050 1392 patiens

71 1592 150 1632 61).
173 1600 259 1632 Petri

549 266 688 298 Joannes
709 266 748 297 de
770 266 913 303 Neronis,
936 266 1076 297 subdiac.
1102 266 1132 297 S.
1155 266 1190 297 P.

548 319 725 354 Hugolinus
748 319 788 350 de
814 319 918 350 Juniis
943 319 1096 360 (Giugni),
1121 329 1190 349 can.
1216 318 1414 358 Florentin.²)

548 372 705 403 Antonius
730 372 857 413 (d'Agli,
882 372 922 403 de
947 371 1047 411 Alh's),
1073 382 1121 412 ep.
1148 371 1292 403 Fesulan.

548 425 732 456 Franciseus
749 425 788 456 de
809 425 977 462 Soderinis,
996 424 1094 455 famil.
1116 424 1146 455 S.
1167 424 1212 461 Ρ.,
1232 426 1270 455 24
1289 435 1316 455 8.
1336 424 1457 466 agens³)

542 715 722 747 Alexander
747 715 910 746 Gerardini
937 715 1002 755 (trf.
1027 715 1066 746 ad
1091 726 1116 747 s.
1136 715 1293 746 Dominici
1316 726 1342 746 c.
1367 716 1456 755 1516)

551 900 726 931 Ludovicus
750 899 801 938 (de
824 899 1118 940 Rochechouart),2)
1142 901 1219 932 solv.
1244 912 1323 932 serv.
1348 912 1461 932 comm.

551 953 661 984 Petrus
685 952 725 983 (18
750 952 1003 990 Roohechouart,
1029 953 1181 991 subdiac„
1207 954 1293 985 bace.
1320 955 1351 985 in
1376 954 1461 996 1eg.³)

552 1139 631 1170 Abel
655 1138 871 1179 Christophori
897 1139 936 1170 de
962 1138 1120 1176 Corozula,
1147 1142 1307 1180 protonot.
1334 1140 1463 1180 apost.1)
1506 1141 1582 1170 1438
1603 1140 1678 1171 Maii
1699 1141 1718 1170 5

553 1192 739 1224 Benedictus
763 1192 814 1231 (de
837 1192 946 1231 Zolio)‚
971 1191 1071 1223 adiac.
1096 1192 1154 1233 ips.
1179 1191 1279 1231 eccl.2)

553 1245 691 1276 Thomas
715 1245 754 1276 de
781 1245 924 1276 Branche
951 1242 1198 1285 (Dabrencza)³)

553 1298 731 1330 Demetrius
756 1298 877 1339 Csupor
901 1298 940 1329 de
964 1298 1135 1335 MonoszIO,
1161 1309 1209 1339 ep.
1236 1298 1355 1329 Tinien.

554 1405 664 1440 Lucas,
687 1415 736 1445 ep.
759 1404 927 1435 Cenadien.
951 1405 983 1444 (†
1004 1405 1042 1435 22
1067 1404 1153 1445 Sept.
1179 1405 1268 1443 1510)

691 163 903 204 Vulteran.‚
926 164 1198 199 Vulturarien..
1222 164 1479 200 xanctonen..
1503 163 1708 198 Zamoren.
2245 165 2305 198 271

1499 267 1576 296 1450
1597 266 1671 297 Feb.
1694 268 1730 297 21
1787 266 1856 298 Obl.
1879 267 1928 304 72,
1950 268 1991 297 40

1499 320 1575 350 1462
1592 319 1686 350 Mart.
1704 320 1742 350 22
1787 320 1835 350 Pii
1854 320 1886 350 II
1905 331 1933 351 a.
1953 321 1972 350 4
1989 320 2060 351 Lat.
2079 320 2098 351 l.
2118 331 2164 361 pr.
2183 320 2204 351 f.
2223 321 2262 350 62

1499 372 1576 403 1470
1597 372 1672 413 Apr.
1695 373 1735 403 30
1787 372 1857 404 Obl.
1880 374 1929 410 83,
1954 374 1990 403 16

1499 425 1576 456 1478
1597 425 1690 456 Mart.
1722 426 1755 455 11
1787 425 1857 457 Obl.
1880 427 1929 463 83,
1952 427 1990 457 53

81 543 86 564 -;
168 524 447 560 'Vultu-erien-
472 525 727 567 (vulturaria)
751 527 782 557 et
808 524 1119 559 nontiscorvini
1141 525 1471 567 (Monteoorvino)
1493 525 1526 557 in
1551 526 1646 558 Italia
1667 526 1772 566 infer„
1797 526 1886 558 suffr.
1911 526 2089 558 Benevent.
2115 527 2174 568 (50
2195 527 2242 567 fl.)

1502 611 1577 640 1433
1602 610 1687 651 Sept.
1713 612 1749 641 18
1789 610 1859 642 Obl.
1882 612 1931 648 66,
1954 612 1972 641 4

1502 663 1577 694 1473
1601 663 1679 694 Julii
1699 664 1739 694 30
1790 663 1859 695 Obl.
1882 665 1931 701 83,
1954 666 1993 695 28

1502 717 1578 747 1496
1791 716 1888 748 Gams
1910 718 1967 748 942

597 814 848 849 Xanctonen.
873 814 1065 858 (Saintes)
1089 816 1123 848 in
1149 817 1264 857 Gallia,
1288 817 1378 849 suffr.
1403 817 1619 858 Burdegalen.
1645 819 1745 858 (2000
1767 819 1817 860 ss.)

1505 902 1580 932 1462
1603 902 1677 942 Apr.
1700 903 1719 932 8
1776 895 1861 1001 *Obl.
1885 902 1933 939 79,
1956 903 1994 932 33

1504 955 1580 984 1493
1602 954 1676 985 Maii
1700 956 1736 985 13
1791 955 1843 985 AC
1865 955 1984 986 Camer.
2009 955 2034 992 I,
2057 957 2095 986 33

510 1053 751 1098 Zagrabien.
778 1054 953 1098 (Zagreb,
976 1054 1133 1098 Agram)
1156 1055 1191 1087 in
1214 1055 1541 1096 Hungaria-Croatia,
1565 1057 1704 1096 metrop.
1729 1056 1832 1097 (2000
1855 1056 1904 1096 fl.)

1793 1140 1863 1171 Obl.
1886 1142 1935 1178 66,
1958 1142 1994 1171 41

1506 1193 1583 1223 1440
1606 1193 1683 1224 Julii
1704 1194 1742 1224 29
1794 1193 1863 1224 Obl.
1887 1195 1935 1231 66,
1958 1195 1996 1225 53

1506 1246 1583 1276 1454
1605 1245 1674 1277 Oct.
1700 1247 1733 1276 11
1794 1246 1863 1277 Obl.
1887 1246 1935 1284 72,
1958 1248 1996 1278 63

1506 1299 1583 1329 1465
1606 1299 1694 1330 ,Iunii
1718 1300 1755 1329 14
1796 1299 1915 1330 Schede
1936 1300 1968 1331 di
1992 1300 2142 1342 Garampi

1506 1352 1582 1382 1466
1605 1352 1679 1393 Apr.
1705 1352 1740 1383 17
1794 1352 1864 1383 Obl.
1887 1354 1936 1390 83,
1959 1354 1979 1383 2

1507 1405 1584 1435 1500
1607 1405 1683 1436 Julii
1705 1406 1744 1436 24
1794 1405 1846 1436 AC
1867 1406 1987 1437 Camer.
2011 1406 2037 1444 I,
2059 1406 2098 1438 87

584 1514 792 1549 zamoren.
822 1514 1016 1555 (zamora)
1041 1515 1073 1547 in
1100 1515 1269 1556 Hispania,
1294 1514 1384 1546 suffr.
1410 1514 1664 1556 Compostellan.
1691 1515 1769 1555 (800
1791 1515 1841 1556 ss)

557 1601 696 1632 «Ioannes
717 1599 757 1630 de
778 1599 881 1636 Mella,
904 1599 941 1630 el.
965 1598 1159 1639 Legionen.¹)
1508 1600 1585 1630 1440
1606 1600 1680 1641 Apr.
1704 1601 1722 1630 6
1796 1599 1865 1631 Obl.
1889 1601 1937 1637 66,
1960 1601 1996 1630 51

66 1670 69 1671 ’
99 1656 141 1687 tt.
165 1653 216 1686 J0.
239 1653 281 1685 ad
304 1653 467 1694 Seguntin.
553 1654 725 1685 Rodericus
751 1652 891 1683 Sanehez
914 1652 954 1682 de
978 1651 1123 1688 Arevalo,
1148 1662 1196 1692 ep.
1222 1652 1382 1691 Oveten.²)
1508 1652 1584 1683 1467
1797 1652 1894 1684 Gams
1915 1654 1951 1683 91

101 1709 142 1738 tr.
164 1705 247 1738 Rod.
269 1706 311 1738 ad
331 1705 474 1747 Calagur.
556 1707 695 1738 Joannes
720 1705 903 1747 (Carvajal),
928 1705 1012 1735 card.
1039 1715 1084 1742 „s
1109 1704 1239 1746 Angeli“
1266 1705 1312 1744 (in
1335 1704 1465 1744 admin.)
1508 1705 1584 1736 1467
1607 1705 1676 1737 Oct.
1699 1706 1739 1736 30
1796 1705 1866 1737 Obl.
1889 1707 1938 1743 83,
1961 1706 1978 1737 7

46 1771 49 1773 “
101 1769 160 1790 res.
185 1758 236 1790 J0.
259 1758 343 1790 card.
556 1760 696 1791 Joannes
717 1759 757 1790 de
778 1759 944 1795 Menesses,
967 1758 1004 1789 81.
1507 1759 1610 1798 (1468)
1798 1758 1917 1789 Schede
1938 1759 1971 1790 di
1994 1758 2145 1800 Garampi

55 1835 63 1846 »,
101 1811 153 1843 ob.
177 1811 243 1851 (J0.
268 1811 345 1842 1493
366 1811 456 1852 Dec.)

56 1905 62 1909 μ
101 1868 142 1896 tr.
161 1864 235 1895 Did.
255 1863 296 1895 ad
316 1863 490 1895 Salamant.

554 1813 692 1844 Didacus
713 1812 752 1843 de
774 1812 860 1843 Deza
883 1811 932 1851 (Ο.
956 1811 1081 1850 Praed.)
1094 1810 1119 1850 ³)

565 2006 705 2034 vultum.

170 2058 193 2091 ²)
212 2058 291 2085 Decr.
312 2058 418 2089 doctor,
438 2061 577 2092 protonot.
597 2062 686 2092 apost.

55 2115 57 2122 ·
172 2102 195 2135 ⁸)
214 2103 309 2136 Usque
330 2102 366 2128 ad
387 2111 412 2128 a.
435 2103 468 2129 27
490 2102 644 2136 perfectum
665 2103 693 2128 in
714 2102 827 2134 admin„
849 2102 913 2128 dein
934 2103 963 2128 in
983 2111 1089 2137 epum.;
1112 2103 1159 2128 cfr.

81 2174 84 2177 ,
102 2155 187 2181 supra
201 2155 262 2181 pag.
277 2148 312 2173 48
325 2155 365 2172 nr.
380 2147 440 2173 507.
473 2146 525 2177 Qui
539 2146 570 2172 31
586 2146 651 2172 Maii
667 2147 734 2173 1503
747 2150 891 2180 promotus
905 2147 932 2172 in
948 2147 974 2173 S.
990 2147 1023 2172 R.
1040 2147 1071 2172 E.
1087 2146 1159 2172 card.

53 2199 74 2236 ἶ
102 2191 205 2218 munet
224 2191 288 2217 eccl.
309 2190 451 2217 Vulteran.
474 2190 637 2224 Resignavit
659 2191 734 2216 1509.

541 2280 722 2307 Vulturarien.

174 2341 196 2375 ι)
216 2342 255 2368 Et
277 2342 407 2368 unionem
432 2341 496 2367 eccl.
522 2341 630 2367 Vultur.
657 2349 720 2366 cum
744 2341 961 2372 Montiscorvini,
986 2342 1026 2367 ita
1050 2345 1083 2367 ut
1107 2342 1161 2367 An-

61 2422 63 2427 y
105 2387 199 2414 taemius
219 2389 249 2412 et
269 2394 437 2412 successores
458 2385 518 2418 ejus
539 2386 697 2419 episcopum
720 2385 772 2411 civ.
795 2393 842 2411 seu
863 2385 948 2412 dioec.
971 2386 1111 2411 Vulturar.
1134 2389 1163 2412 et

66 2450 74 2455 ».
106 2431 266 2458 monasterii
287 2439 308 2456 s.
331 2430 441 2457 Corvini
463 2438 491 2455 se
514 2429 654 2455 intitulare
676 2429 803 2455 debeant.

548 2518 717 2544 xanctonen.

59 2608 64 2615 2
176 2580 198 2612 ¹)
217 2579 256 2606 Et
271 2587 362 2605 revoc.
379 2579 481 2606 admin.
500 2579 589 2605 Alano
605 2579 721 2612 Coetivy
738 2579 810 2604 card.
830 2579 1045 2609 „Avinionensi‘⁴
1063 2581 1078 2607 7
1097 2580 1160 2606 Jan.

58 2643 72 2656 ;
106 2625 174 2651 1461
194 2624 363 2650 commissae.
401 2623 455 2650 Ofr.
476 2623 572 2649 Dolen.

52 2696 56 2703 -‚
175 2667 198 2701 ¹)
217 2667 268 2694 Cui
282 2668 298 2693 2
313 2667 379 2693 Dec.
397 2668 462 2694 1491
480 2668 604 2694 Joannes
618 2676 660 2701 ep.
678 2667 858 2697 Lomberien„
874 2670 967 2692 orator
982 2668 1050 2701 regis
1065 2668 1160 2694 Franc.

47 2719 72 2751 ⁴,
107 2711 194 2747 <apud
214 2711 306 2738 sedem
327 2712 438 2745 apost),
459 2712 543 2738 datur
562 2712 651 2744 coadj.
674 2711 732 2743 (Αο
751 2711 856 2738 Camer.
878 2711 901 2742 Ι,
925 2712 976 2743 18).

175 2756 198 2788 ⁸)
217 2755 260 2782 De
275 2764 349 2781 novo
365 2764 442 2789 prov.
462 2757 528 2783 1497
544 2756 610 2782 Maii
626 2756 660 2781 22
677 2756 734 2787 (AO
750 2755 854 2782 Camer.
873 2755 895 2786 I,
912 2756 966 2787 55).
999 2755 1050 2781 Die
1066 2756 1082 2781 9
1098 2755 1163 2781 Maii
1216 2775 1217 2790 ,

108 2800 176 2827 1502
200 2799 330 2830 Guidoni‚
351 2799 457 2825 decano
473 2800 586 2831 Xanct„
603 2801 651 2834 qui
667 2809 683 2825 8
699 2799 821 2834 capitulo
837 2799 902 2825 olim
918 2799 946 2824 in
964 2807 1054 2833 epum.
1078 2800 1163 2833 ipsius

63 2852 70 2857 ’·
105 2844 171 2871 eccl.
195 2844 299 2870 electus
322 2851 395 2869 nunc
419 2844 494 2870 omni
526 2844 579 2877 juri
603 2853 636 2870 ex
661 2844 706 2870 illa
730 2844 861 2869 electione
886 2844 1055 2877 provenienti
1081 2843 1162 2874 cedit,

66 2895 71 2898 ’
106 2896 201 2915 amma
223 2888 317 2922 pensio
340 2887 410 2915 2750
432 2887 491 2914 libr.
515 2888 616 2914 Turon.
640 2888 674 2914 de
697 2896 830 2914 consensu
854 2888 927 2913 Petri
950 2887 984 2913 de
1009 2887 1087 2921 Rupe
1110 2888 1161 2921 epi.
1216 2882 1218 2893 ¹

59 2920 210 2977 ,iffxanet
233 2933 293 2965 (res.
319 2932 398 2964 1505)
421 2931 581 2958 conceditur
602 2931 659 2963 (Ac
679 2932 783 2958 eamer.
808 2932 830 2961 1,
855 2932 923 2963 108).

556 1866 693 1897 Didacus
719 1865 892 1905 (Melendez
918 1864 957 1895 de
983 1863 1121 1903 Valdfazz),
1148 1875 1197 1905 ep.
1225 1864 1425 1903 Astoricen.⁴)

1508 1812 1585 1842 1494
1606 1812 1681 1852 Apr.
1706 1813 1743 1842 14
1796 1812 1847 1842 AC
1869 1812 1989 1843 Camer.
2013 1812 2039 1850 I,
2062 1813 2100 1843 38

1509 1865 1585 1894 1494
1608 1865 1696 1896 Junii
1718 1866 1756 1895 23
1796 1865 1848 1895 AC
1869 1865 1989 1896 Camer.
2014 1865 2039 1902 I,
2062 1867 2100 1896 39

1715 2006 1874 2036 Zagrabien.

1338 2049 1359 2081 1)
1379 2049 1413 2075 In
1430 2050 1525 2075 minor.
1544 2052 1641 2080 const„
1659 2050 1693 2075 20
1709 2058 1732 2075 8.
1751 2057 1842 2083 agent-³,
1859 2049 1890 2075 in
1906 2049 2006 2075 admin.
2026 2057 2112 2083 usque
2128 2050 2164 2076 ad
2181 2050 2317 2084 beneplac.

1268 2093 1447 2119 Desideratur
1467 2093 1542 2127 apud
1562 2093 1643 2119 Gams
1664 2102 1689 2127 p.
1713 2094 1773 2124 388,
1795 2094 1843 2127 qui
1864 2093 1970 2120 scribit:
1994 2093 2090 2124 „sedes
2110 2102 2169 2120 vac.
2193 2094 2264 2122 78.“
2285 2109 2320 2113 -

1268 2137 1299 2163 Α.
1319 2138 1385 2163 1438
1401 2146 1417 2163 8
1432 2137 1546 2163 concilio
1561 2137 1643 2163 Basil.
1660 2141 1726 2163 tunc
1741 2138 1849 2163 schism.
1866 2139 1966 2165 Paulus
1981 2146 2022 2171 ep.
2040 2137 2137 2172 Argen.
2154 2138 2190 2164 ad
2204 2138 2315 2172 Zagrab.

1267 2182 1418 2207 translatus
1435 2184 1484 2208 est.
1531 2181 1582 2207 Die
1598 2184 1692 2208 autem
1711 2182 1743 2208 13
1759 2182 1828 2215 Aug.
1848 2183 1916 2208 1440
1933 2182 2075 2208 Elisabeth
2091 2190 2144 2216 reg.
2162 2182 2320 2217 Hungariae

1269 2226 1386 2251 Felicem
1408 2225 1432 2251 V
1454 2226 1541 2259 antip.
1565 2228 1652 2260 rogat,
1675 2229 1708 2252 ut
1730 2234 1800 2260 mag.
1824 2227 1918 2254 Petrus
1941 2226 2065 2257 Kottrer,
2087 2226 2159 2252 decr.
2191 2227 2263 2253 doct.
2291 2230 2319 2253 et

1268 2270 1378 2295 cancell.
1405 2269 1511 2296 Alberti
1536 2269 1613 2296 ducis
1638 2269 1765 2296 Austriae
1791 2271 1833 2302 (88
1859 2270 1993 2304 plebanus
2026 2270 2055 2295 in
2089 2270 2209 2296 Laith
2233 2271 2317 2297 dioec.

1269 2314 1450 2348 Aquilegien.)
1464 2314 1591 2340 ecclesiae
1604 2314 1728 2348 Zagrab.,
1742 2323 1826 2348 quam
1840 2315 1963 2341 Joannes
1976 2323 2017 2348 ep.
2034 2314 2142 2348 Signen.
2156 2317 2318 2349 occupatam

1214 2365 1216 2368 ’
1269 2362 1354 2389 tenet,
1375 2358 1551 2392 praeficiatur
1570 2358 1598 2383 in
1617 2367 1722 2392 epum.:
1743 2358 1817 2392 quod
1837 2362 1866 2384 et
1885 2358 1991 2384 factum
2011 2362 2060 2385 est.
2082 2359 2135 2385 Otr.
2155 2359 2277 2385 Zeiwchr.
2300 2359 2316 2385 Ι.

1215 2401 1216 2430 J
1268 2403 1293 2428 d.
1307 2403 1394 2429 Gesck.
1409 2402 1434 2428 d.
1447 2403 1551 2429 Oberrh.
1566 2403 1643 2433 XVI,
1658 2403 1709 2429 230
1722 2411 1761 2428 nr.
1777 2403 1811 2428 24
1824 2406 1852 2428 et
1865 2403 1914 2428 231
1930 2411 1969 2428 nr.
1985 2404 2027 2434 25,
2051 2411 2083 2429 88
2097 2403 2213 2429 Joannis
2226 2403 2260 2429 de
2274 2403 2318 2429 Se-

1215 2464 1216 2486 (
1268 2448 1350 2480 govia
1369 2447 1442 2473 Hist.
1463 2447 1569 2473 concilii
1588 2447 1670 2472 Basil.
1691 2447 1732 2472 ed.
1756 2446 1903 2472 Birk-Beer
1921 2447 1976 2478 ΙΙΙ,
1998 2447 2056 2478 162,
2076 2447 2135 2478 235,
2155 2448 2213 2473 512.

1339 2491 1360 2522 ²)
1380 2491 1465 2524 Cujus
1491 2494 1524 2517 tr.
1552 2491 1588 2517 ad
1613 2491 1717 2517 Tinien.
1746 2491 1892 2523 (translato
1918 2491 2059 2517 Demetrio
2084 2499 2126 2525 ep.
2153 2491 2256 2517 Tinien.
2284 2490 2319 2516 ad

1269 2535 1440 2569 Zagrabien.)
1462 2536 1494 2561 13
1514 2535 1592 2561 Febr.
1614 2535 1680 2563 1447
1700 2535 1774 2561 facta
1792 2534 1836 2560 die
1857 2536 1889 2561 18
1909 2535 1965 2561 Jul.
1988 2535 2054 2561 1453
2074 2537 2181 2561 cassata
2199 2538 2247 2561 est.

1339 2579 1360 2610 ³)
1382 2579 1557 2605 Gubernator
1576 2579 1706 2605 abbatiae
1725 2587 1745 2605 s.
1767 2579 1879 2605 Martini
1901 2579 2079 2605 Sacrimontis
2099 2579 2262 2605 Pannoniae.

1339 2623 1361 2654 ⁴)
1380 2623 1513 2649 Chasmaee
1532 2626 1595 2657 post
1615 2624 1647 2649 15
1666 2623 1730 2657 Apr.
1753 2623 1820 2649 1499
1837 2622 1969 2649 defuncti.

1723 2667 1867 2695 Zamaren.

1341 2711 1361 2742 ¹)
1385 2711 1437 2742 Qui
1458 2712 1489 2739 17
1509 2711 1573 2737 Dec.
1596 2712 1663 2737 1456
1681 2714 1823 2745 promotus
1842 2711 1870 2736 in
1890 2711 1917 2737 S.
1938 2711 1971 2736 R.
1992 2711 2023 2736 E.
2044 2710 2116 2736 card.
2137 2711 2237 2737 retinet
2254 2710 2316 2736 eccl.

1270 2755 1344 2780 Zam.
1383 2755 1436 2781 Cfr.
1459 2755 1599 2789 Seguntin.

1340 2799 1361 2831 Β)
1382 2799 1419 2825 Et
1437 2799 1602 2825 castellanus
1620 2799 1702 2825 castri
1721 2807 1741 2825 s.
1762 2799 1858 2833 Angeli
1876 2798 1911 2824 de
1930 2799 2012 2824 Urbe.

1339 2843 1361 2875 ³)
1385 2843 1438 2874 Qui
1455 2843 1529 2877 apud
1546 2843 1627 2869 Game
1644 2851 1669 2877 p.
1689 2843 1721 2869 91
1745 2846 1808 2877 post
1833 2842 1970 2868 Didacum
1987 2842 2022 2868 de
2039 2842 2139 2869 Valdes
2156 2845 2317 2869 recensetur.

1312 2921 1314 2923 ‚
1340 2887 1362 2919 ⁴)
1382 2887 1459 2914 Obiit
1478 2887 1583 2913 Romae
1604 2887 1671 2913 1499
1689 2887 1733 2913 vel
1752 2890 1815 2921 post
1834 2886 1924 2919 (Gams
1940 2886 1956 2912 l.
1974 2887 2023 2919 c.);
2044 2886 2092 2913 sed
2107 2886 2253 2918 Antonius,
2272 2887 2319 2922 qui

1216 2961 1218 2969 Ι
1273 2931 1300 2957 ei
1331 2932 1455 2966 proxime
1486 2931 1617 2962 succedit,
1650 2938 1726 2966 prov.
1760 2939 1815 2958 non
1847 2931 1922 2966 prius
1952 2938 2036 2965 quam
2066 2931 2132 2959 1607
2156 2932 2219 2959 Jan.
2248 2933 2272 2958 4.
