2436 3328
964 635 1429 701 Praefatio.

209 898 354 930 Secunda
371 897 464 938 primi
483 895 651 927 voluminis
670 894 873 926 Hierarchiae
892 894 1072 926 Catholicae
1091 894 1188 926 editio
1207 905 1279 925 cum
1298 905 1381 925 anno
1400 895 1558 936 superiore
1576 895 1608 926 in
1628 895 1729 926 lucem
1748 899 1830 926 esset
1848 895 1935 932 data,
1955 895 2073 926 multos
2091 896 2176 927 viros
2192 895 2304 927 doctos

84 963 203 993 eosque
225 951 374 983 historiae
396 949 623 981 ecclesiasticae
646 947 890 979 conscribendae
913 948 1118 989 peritissimos
1140 948 1309 988 occupavit
1332 948 1545 989 necopinatos.
1592 948 1680 979 Inter
1701 959 1780 989 quos
1803 959 1884 979 unus
1907 948 2039 989 quidam
2062 949 2164 985 „hanc
2186 960 2303 979 novam

87 1005 259 1037 editionem
277 1014 343 1035 esse
363 1003 476 1033 miram
495 1001 659 1043 quandam
678 1005 776 1042 atque
796 1001 986 1042 singularem
1005 1001 1037 1032 in
1058 1000 1144 1032 libris
1164 1001 1376 1032 distrahendis
1396 1001 1579 1032 fortunam“
1600 1002 1734 1042 scripsit,
1758 1012 1841 1042 „qua
1862 1012 1894 1032 re
1914 1001 2021 1033 studia
2041 1002 2189 1033 historiae
2209 1002 2303 1033 eccle-

86 1058 231 1090 siasticae
246 1057 366 1088 maiora
382 1056 414 1086 in
431 1055 497 1086 dies
513 1055 708 1086 incrementa
724 1059 858 1095 captura
875 1054 1049 1085 luculenter
1065 1054 1309 1095 significaretur;
1327 1058 1359 1084 et
1376 1055 1421 1085 ita
1437 1058 1521 1085 certe
1538 1054 1689 1086 effectum
1705 1065 1780 1091 esse,
1799 1059 1835 1085 ut
1852 1055 1883 1085 id
1900 1055 2059 1092 volumen,
2077 1055 2162 1096 quod
2179 1055 2219 1086 ab
2236 1056 2303 1096 ipso

86 1111 277 1143 laboriosum
294 1109 495 1150 praedicatur
512 1118 591 1149 opus
608 1112 706 1148 atque
723 1107 816 1138 laude
833 1107 1061 1148 dignissimum,
1080 1107 1206 1139 tantillo
1224 1108 1374 1148 temporis
1392 1108 1565 1144 interiecto,
1583 1108 1687 1139 denuo
1705 1112 1811 1149 posset
1827 1108 1858 1139 in
1877 1108 1979 1139 lucem
1996 1108 2077 1139 edi“.
2117 1108 2204 1145 Quae
2221 1118 2304 1139 nunc

83 1163 229 1205 sequitur
246 1163 346 1194 altera
364 1161 493 1193 secundi
512 1161 681 1192 voluminis
699 1161 806 1197 editio,
826 1171 908 1201 quae
926 1161 1055 1201 quidem
1074 1161 1166 1202 primi
1185 1161 1353 1192 voluminis
1372 1165 1420 1191 est
1437 1161 1645 1198 continuatio,
1665 1172 1727 1192 non
1746 1162 1811 1192 iam
1828 1161 1983 1192 excitabit
2000 1172 2075 1192 sane
2093 1161 2188 1199 illam,
2207 1172 2305 1202 quam

84 1227 181 1258 supra
200 1216 277 1253 dixi,
298 1215 542 1247 admirationem
561 1214 821 1255 necopinantium
842 1214 1011 1255 potiusque
1030 1218 1067 1244 ut
1087 1224 1135 1245 res
1154 1214 1282 1245 minime
1303 1225 1386 1244 nova
1406 1218 1503 1255 atque
1522 1214 1602 1245 mira
1622 1214 1867 1255 exspectabitur.
1907 1214 2041 1246 Utinam
2060 1218 2093 1245 et
2111 1214 2189 1246 haec
2208 1214 2304 1246 editio

87 1269 230 1302 inveniat
251 1268 421 1300 benevolos
442 1268 614 1309 legentium
635 1267 771 1298 animos!

212 1322 300 1360 Quae
316 1322 357 1353 ad
373 1321 455 1352 hanc
470 1321 605 1352 alteram
620 1320 792 1352 editionem
808 1320 1027 1351 instruendam
1043 1320 1145 1361 colligi
1161 1331 1284 1351 necesse
1301 1324 1378 1357 erat,
1396 1320 1443 1351 uti
1459 1331 1522 1351 non
1538 1324 1629 1351 erant
1645 1324 1713 1351 tam
1728 1331 1895 1351 numerosa
1910 1331 2008 1362 quam
2024 1331 2105 1362 quae
2120 1321 2152 1352 in
2168 1320 2306 1352 secunda

88 1376 180 1417 primi
197 1375 366 1406 voluminis
382 1374 520 1406 editione
537 1374 730 1410 exornanda,
748 1374 794 1404 ita
812 1377 919 1404 tamen
936 1373 1014 1404 satis
1031 1373 1137 1414 ampla
1154 1384 1219 1404 esse
1237 1373 1437 1404 videbantur.
1471 1374 1516 1404 Ac
1534 1374 1671 1415 primum
1686 1374 1816 1415 quidem
1832 1374 1913 1404 ratio
1930 1374 2153 1405 nonnullorum
2168 1373 2306 1405 fontium

87 1429 172 1460 notis
190 1429 415 1470 signandorum
434 1431 503 1458 erat
522 1427 732 1458 immutanda.
785 1426 977 1468 Scripseram
996 1427 1080 1458 enim
1099 1427 1130 1457 in
1151 1427 1252 1468 priore
1271 1426 1408 1457 editione
1439 1427 1479 1457 ad
1498 1438 1598 1458 annos
1619 1428 1693 1457 1431
1714 1438 1814 1468 usque
1833 1427 1874 1458 ad
1896 1428 1987 1458 1433:
2009 1427 2209 1464 „Armarium
2227 1426 2305 1464 XII,

87 1481 165 1514 liber
182 1482 270 1519 121“‚
287 1482 319 1513 in
334 1492 398 1522 quo
414 1481 608 1522 provisiones
623 1480 842 1512 Praelatorum
858 1480 930 1511 inde
945 1480 986 1510 ab
1002 1490 1085 1511 anno
1103 1481 1180 1510 1409
1197 1481 1292 1521 (papa
1309 1480 1488 1510 Alexandro
1503 1480 1531 1511 V
1546 1481 1709 1521 regnante)
1725 1484 1935 1511 recensentur.
1968 1480 2043 1511 Jam
2058 1491 2132 1511 vero
2147 1483 2307 1522 repertum

87 1539 136 1566 est
154 1535 186 1566 in
205 1534 343 1566 Archivo
361 1533 586 1571 Consistoriali,
606 1534 726 1564 interea
746 1544 819 1564 cum
838 1533 976 1564 Archivo
998 1533 1124 1564 Secreto
1143 1533 1321 1570 coniuncto,
1342 1533 1478 1564 alterum
1495 1534 1714 1575 apographum
1732 1533 1831 1564 simile
1850 1537 1948 1574 atque
1966 1533 2053 1570 illud,
2073 1534 2112 1564 de
2130 1544 2194 1574 quo
2212 1533 2306 1565 modo

86 1599 183 1630 supra
202 1588 277 1619 dixi.
310 1588 490 1628 Utrumque
510 1591 619 1618 autem
639 1586 800 1627 exemplar
819 1587 859 1618 ab
883 1597 946 1617 uno
966 1586 1140 1627 eodemque
1159 1586 1333 1627 archetypo
1353 1586 1571 1627 proficiscitur,
1592 1587 1623 1618 in
1644 1597 1707 1628 quo
1727 1590 1905 1628 postremae
1925 1587 2118 1628 provisiones
2137 1587 2265 1618 Martini
2279 1587 2307 1618 V

86 1645 120 1673 et
137 1642 257 1682 primae
275 1641 407 1682 Eugenii
426 1640 471 1671 IV
488 1640 570 1671 foliis
587 1640 717 1681 singulis
735 1650 900 1681 perperam
917 1650 936 1670 a
953 1639 1087 1670 librariis
1106 1640 1269 1680 permixtis
1286 1639 1530 1671 inveniebantur
1547 1640 1760 1681 perturbatae.
1795 1640 1875 1671 Cum
1893 1651 1967 1671 vero
1984 1639 2062 1671 illud
2079 1640 2306 1681 apographum,

87 1695 120 1726 in
135 1694 272 1726 Archivo
287 1693 501 1726 Consistoriali
516 1697 686 1734 repertum,
703 1693 944 1734 praeferendum
959 1693 1001 1723 sit
1015 1693 1053 1730 ei,
1069 1693 1155 1733 quod
1170 1693 1249 1724 libro
1267 1694 1320 1723 121
1338 1693 1473 1724 Armarii
1487 1693 1554 1724 XII
1569 1694 1759 1730 continetur,
1775 1697 2023 1724 consentaneum
2037 1704 2112 1724 sane
2126 1697 2204 1731 erat,
2219 1693 2308 1734 signo

86 1758 214 1789 quoque
225 1747 308 1779 illius
319 1746 493 1788 apographi
505 1747 567 1783 uti;
581 1747 690 1787 scn'psi
701 1747 811 1787 igitur:
825 1746 932 1786 A(cta)
945 1746 1205 1785 C(onsistorialia)
1218 1746 1345 1777 Miscell.
1359 1746 1384 1777 Ι.
1409 1746 1576 1777 Nonnullis
1587 1750 1696 1778 autem
1707 1746 1782 1777 locis
1793 1747 1882 1787 signa
1894 1747 1997 1787 priora
2009 1747 2126 1777 servari
2137 1746 2307 1777 debebant.

91 1799 186 1842 Signa
200 1811 310 1832 eorum
324 1801 421 1831 trium
436 1799 589 1831 librorum
603 1799 731 1830 Archivi
747 1799 987 1836 Consistorialis,
1003 1799 1058 1840 qui
1073 1799 1266 1840 provisiones
1282 1799 1500 1831 Praelatorum
1514 1800 1591 1830 serie
1606 1811 1668 1831 non
1683 1800 1861 1840 interrupta
1876 1799 1949 1830 inde
1964 1810 2003 1830 ex
2018 1810 2101 1830 anno
2118 1800 2194 1830 1433
2208 1810 2308 1840 usque

89 1853 131 1884 ad
150 1863 270 1884 annum
290 1854 367 1884 1489
387 1853 548 1890 exhibent,
569 1853 624 1894 qui
643 1853 773 1894 quidem
793 1863 848 1894 per
867 1853 1021 1883 incuriam
1040 1852 1106 1893 jam
1126 1856 1220 1883 antea
1239 1853 1436 1884 devenerunt
1455 1853 1496 1884 ad
1515 1853 1626 1884 seriem
1647 1853 1907 1894 „Obligationum
1925 1856 1958 1883 et
1979 1852 2199 1883 Solutionum“
2220 1853 2308 1884 Vati-

92 1906 163 1937 cani
181 1905 309 1937 Archivi
326 1909 359 1938 et
375 1906 419 1937 ibi
435 1907 551 1947 signati
570 1910 645 1937 sunt
662 1907 760 1937 notis:
781 1906 851 1938 Obl.
871 1907 919 1943 66,
940 1905 988 1943 72,
1007 1906 1056 1942 83,
1075 1906 1283 1936 remanebant
1301 1906 1392 1947 plane
1410 1907 1541 1947 integra.
1577 1906 1760 1947 Eademque
1778 1906 1859 1937 ratio
1877 1905 2107 1936 observabatur
2123 1906 2155 1936 in
2173 1906 2210 1936 iis
2227 1906 2308 1936 veris

91 1958 330 2000 Obligationum
353 1959 616 2000 Solutionumque
638 1959 734 1997 libris,
757 1963 870 2000 utpote
892 1959 924 1990 in
946 1969 1026 2000 quos
1047 1959 1248 1990 servitiorum
1269 1960 1486 1991 communium
1507 1963 1575 1990 tam
1596 1959 1803 2000 obligationes
1824 1970 1843 1990 a
1865 1958 2014 2000 praelatis
2035 1970 2135 2000 nuper
2156 1959 2308 2000 promotis

89 2011 307 2053 suscipiendae
326 2022 423 2052 quam
442 2012 613 2043 solutiones
632 2012 672 2043 ab
692 2013 736 2043 eis
755 2012 859 2043 factae
879 2011 1109 2049 referebantur;
1130 2012 1187 2043 hos
1206 2013 1290 2053 ipsos
1310 2012 1405 2043 libros
1424 2016 1563 2053 repetere
1583 2013 1733 2052 (maxime
1752 2012 1861 2043 libros:
1883 2012 1952 2043 Obl.
1974 2012 2012 2043 76
2032 2015 2064 2043 et
2083 2012 2134 2051 79)
2153 2012 2308 2043 interdem

91 2075 215 2096 necesse
230 2068 308 2101 erat,
325 2075 399 2095 cum
414 2065 606 2105 provisiones
622 2069 748 2096 exstent
763 2065 877 2096 nullae.
909 2065 1061 2096 Attamen
1077 2066 1165 2106 signa
1181 2065 1305 2096 illorum
1321 2066 1418 2096 trium
1432 2065 1570 2096 fontium
1587 2066 1650 2106 ,qui
1665 2066 1806 2106 spatium
1821 2066 1972 2106 temporis
1986 2065 2059 2096 inde
2074 2065 2115 2096 ab
2131 2076 2215 2096 anno
2232 2066 2308 2095 1489

90 2128 190 2158 usque
209 2118 250 2148 ad
269 2128 389 2148 annum
409 2118 486 2148 1503
505 2118 768 2159 complectuntur,
789 2122 915 2149 mutata
934 2122 1018 2149 sunt.
1057 2118 1152 2149 Illum
1170 2129 1282 2159 nempe
1302 2118 1416 2149 librum
1434 2122 1529 2150 antea
1548 2130 1566 2149 a
1585 2130 1634 2150 me
1652 2119 1813 2160 signatum
1833 2119 1961 2157 „A(cta)
1981 2118 2239 2158 Consist(orialia)
2259 2118 2308 2155 1“‚

89 2171 146 2212 qui
162 2171 376 2212 promotiones
393 2170 434 2202 ab
451 2181 535 2201 anno
554 2171 630 2201 1489
647 2182 746 2212 usque
763 2172 805 2202 ad
821 2182 941 2202 annum
960 2172 1036 2202 1503
1054 2172 1155 2202 factas
1172 2176 1321 2209 recenset,
1339 2172 1519 2212 exemplum
1535 2171 1719 2203 officialium
1737 2172 1864 2203 Archivi
1881 2172 2028 2203 Vaticani
2047 2171 2163 2202 Secreti
2183 2175 2309 2202 secutus

92 2224 215 2264 signavi
226 2234 310 2254 nunc
322 2228 413 2254 nota:
428 2224 501 2260 „AC
515 2224 634 2254 Camer.
648 2223 696 2261 I“,
709 2224 822 2255 deinde
833 2224 921 2255 illum
933 2224 1048 2255 librum
1060 2236 1079 2255 a
1091 2235 1140 2256 me
1154 2225 1282 2264 „A(cta)
1294 2225 1455 2264 C(onsist.)
1468 2225 1523 2255 II“
1536 2229 1694 2262 notatum,
1707 2226 1738 2256 in
1750 2236 1813 2266 quo
1826 2225 2021 2266 Augustinus
2033 2225 2201 2255 Favoritus
2212 2235 2308 2255 secre-

91 2277 191 2308 tarius
210 2276 382 2314 „nonnulla
399 2280 471 2307 acta
489 2276 717 2307 consistorialia
734 2281 767 2308 et
783 2277 844 2308 alia
861 2281 950 2318 gesta
968 2278 1157 2318 pontificum
1174 2278 1391 2308 Romanorum
1409 2278 1449 2308 ab
1467 2289 1550 2309 anno
1570 2279 1646 2309 1492
1663 2289 1763 2319 usque
1780 2278 1821 2309 ad
1838 2289 1958 2309 annum
1978 2279 2054 2308 1513
2072 2288 2090 2308 a
2107 2288 2139 2308 se
2156 2277 2306 2308 collecta“

91 2330 270 2367 annotavit,
289 2330 439 2361 exornavi
459 2334 550 2360 nota:
572 2330 644 2367 „AC
658 2330 784 2361 Miscell.
805 2330 889 2367 III“,
909 2334 1068 2371 postremo
1089 2331 1254 2368 „Diarium
1272 2331 1397 2362 Ascanii
1416 2331 1582 2362 cardinalis
1602 2331 1769 2368 Sfortiae“,
1789 2342 1852 2372 quo
1870 2331 1896 2362 is
1914 2341 2043 2362 munere
2063 2330 2093 2361 S.
2113 2331 2152 2361 R.
2172 2330 2208 2361 Ε.
2228 2331 2308 2361 vice-

90 2382 267 2414 cancellarii
283 2382 412 2414 functus
429 2393 477 2413 res
494 2383 525 2414 in
543 2383 734 2413 consistoriis
752 2394 770 2413 a
788 2394 894 2414 mense
911 2383 1099 2414 Novembris
1116 2385 1190 2415 anni
1211 2385 1287 2414 1498
1304 2384 1344 2414 ad
1358 2395 1498 2415 mensem
1516 2384 1537 2415 J
1539 2384 1636 2415 ulium
1658 2386 1734 2416 1499
1747 2388 1903 2415 tractatas
1917 2384 2125 2425 transcripsit,
2144 2387 2238 2414 antea
2255 2394 2310 2414 no-

91 2436 249 2467 minatum
272 2436 400 2475 „A(cta)
423 2436 584 2475 C(onsist.)
609 2436 679 2465 III“
704 2436 839 2467 instruxi
862 2440 952 2467 nota:
977 2437 1050 2473 „AC
1072 2437 1198 2468 Miscell.
1222 2437 1359 2468 XL1V“.

214 2488 276 2520 Sed
293 2499 419 2530 prorsus
436 2490 563 2520 maioris
580 2490 733 2519 momenti
751 2493 826 2520 sunt
843 2500 948 2520 rerum
965 2490 1201 2521 emendationes
1218 2501 1315 2531 quam
1332 2490 1525 2522 mutationes
1542 2491 1711 2531 signorum.
1745 2491 1790 2521 Ac
1807 2491 1945 2531 primum
1962 2490 2077 2521 nostris
2093 2489 2221 2530 quidem
2237 2488 2309 2519 sub-

91 2541 247 2573 tilioribus
267 2542 389 2579 studiis,
411 2553 493 2583 quae
513 2542 552 2574 de
573 2542 746 2573 hierarchia
768 2553 822 2583 per
842 2542 1015 2573 Concilium
1037 2543 1213 2574 Basileense
1233 2543 1470 2574 schismaticum
1490 2547 1596 2575 creata
1616 2544 1739 2575 institui
1762 2544 1813 2583 (cf.
1836 2544 1928 2575 Rom.
1956 2541 2200 2580 Quartalschrift
2223 2543 2308 2578 1902,

58 2602 62 2607 '
93 2602 168 2636 pag.
180 2596 364 2635 269-286),
382 2595 542 2632 nonnulla,
559 2606 641 2636 quae
658 2599 753 2626 antea
769 2596 873 2626 minus
890 2600 972 2626 recte
989 2596 1178 2636 scripsimus,
1196 2597 1226 2626 in
1245 2596 1355 2627 melius
1371 2597 1488 2627 mutari
1504 2601 1536 2628 et
1552 2597 1712 2628 emendam⁴
1728 2600 1910 2638 potuerunt.
1944 2597 2110 2627 Praeterea
2125 2595 2210 2626 haud
2226 2605 2309 2636 sper-

93 2647 197 2678 nenda
212 2648 288 2679 mihi
304 2649 395 2690 copia
411 2649 641 2680 emendationis
657 2649 766 2680 oblata
782 2653 831 2679 est
846 2649 1038 2689 quibusdam
1054 2649 1384 2687 commentationibus,
1410 2650 1547 2681 maxime
1563 2661 1644 2691 quae
1660 2654 1816 2681 vocantur
1830 2649 2105 2681 dissertationibus
2120 2648 2310 2689 quidemque

93 2699 147 2737 eis,
166 2710 247 2741 quae
265 2699 376 2733 seriem
394 2702 613 2743 episcoporum
632 2702 662 2733 in
684 2702 845 2743 provincia
865 2702 1040 2733 Coloniensi
1060 2706 1092 2733 et
1111 2702 1285 2733 Trevirensi
1304 2703 1483 2734 sedentium
1501 2707 1657 2740 tractant;
1677 2703 1810 2734 eandem
1828 2703 2016 2734 facultatem
2034 2713 2104 2733 mea
2122 2701 2310 2732 emendandi

93 2753 307 2794 praebuerunt
325 2754 402 2786 mihi
421 2759 454 2786 et
473 2755 595 2786 libellus
614 2755 654 2786 de
674 2756 851 2796 provisione
871 2755 1053 2786 dioeceseon
1073 2756 1323 2796 germanicarum
1343 2767 1426 2797 papa
1447 2757 1595 2797 Gregorio
1616 2756 1665 2787 IX
1684 2760 1835 2798 regnante
1854 2760 1887 2786 et
1906 2755 2001 2786 index
2020 2755 2184 2786 nominum
2202 2764 2310 2785 eorum

92 2806 301 2838 cardinalium
315 2811 347 2838 et
361 2808 580 2849 episcoporum
595 2808 732 2848 (duabus
746 2808 999 2849 ephemeridibus
1014 2812 1046 2839 et
1060 2808 1171 2849 gallica
1185 2813 1218 2839 et
1231 2810 1409 2850 germanica
1424 2810 1455 2840 in
1471 2810 1572 2841 lucem
1586 2810 1740 2849 emissus),
1756 2810 1810 2850 qui
1825 2812 1940 2850 quarto
1955 2808 2092 2839 Concilio
2106 2807 2310 2839 Lateranensi

95 2859 188 2899 (Nov.
225 2861 300 2890 1215
334 2879 371 2882 —
401 2861 491 2892 Febr.
527 2863 615 2901 1216)
636 2862 857 2892 interfuerunt.
910 2862 1075 2892 Praeterea
1107 2862 1145 2892 R.
1166 2862 1206 2893 D.
1228 2862 1277 2893 Fr.
1299 2862 1449 2900 Lanzoni,
1480 2863 1650 2894 canonicus
1680 2863 1826 2894 ecclesiae
1847 2862 2052 2898 Faventinae‚
2084 2871 2208 2892 summa
2238 2870 2310 2891 eum

93 2912 282 2943 liberalitate
315 2904 430 2944 librum
462 2925 555 2945 suum
589 2915 790 2951 „Cronotassi
823 2915 873 2946 dci
908 2915 1032 2945 vescovi
1066 2914 1098 2945 di
1133 2915 1276 2946 Faenza“
1312 2917 1416 2955 (1913)
1442 2916 1483 2947 ad
1515 2927 1565 2947 me
1598 2916 1694 2953 misit,
1728 2916 1777 2946 cui
1811 2915 1914 2956 plures
1947 2914 2182 2945 emendationes
2214 2916 2310 2954 atque

94 2965 224 2997 notitias
243 2961 444 2997 correctiores
463 2967 494 2997 in
514 2968 591 2998 serie
621 2968 840 3009 episcoporum
861 2968 1112 2998 Faventinorum
1142 2978 1191 2999 me
1222 2968 1335 2999 debere
1366 2968 1526 3010 profiteor.
1575 2970 1654 3000 Cum
1684 2969 1715 3000 in
1735 2979 1827 3009 opere
1858 2966 1966 2999 nostro
1985 2967 2202 3008 componendo
2221 2966 2311 2996 enixe
