2436 3328
980 412 1261 477 Appenslix
1301 411 1326 459 Ι
1337 411 1372 458 l.

870 612 928 646 De
952 612 1225 646 camerariatu
1248 621 1276 645 s.
1302 611 1478 655 collegii.

595 710 636 743 A.
683 709 843 743 Statuta
866 709 918 742 ad
942 708 1245 742 camerariatum
1270 718 1298 742 s.
1324 708 1477 752 collegii
1502 707 1752 750 pertinentia.

64 821 95 858 1)
115 821 234 851 statuta
250 821 280 850 st
297 820 496 850 ordinationes
513 820 590 849 sacri
607 819 722 852 collegii
740 819 940 847 Cardinalium
958 818 993 847 tle
1011 819 1119 847 officiis

84 865 116 895 st
137 865 281 899 mutate
302 865 457 894 camerarii
478 864 568 898 ipsius
590 863 705 896 collegii
725 863 781 891 sub
803 863 896 891 Paulo
917 870 994 895 papa
1016 863 1054 891 11.
1068 861 1096 896 *)

147 933 224 969 Quia
248 938 320 963 tunc
344 933 438 972 magis
460 943 507 962 res
530 942 641 967 omnes,
667 935 698 960 et
721 931 856 970 publicas
881 936 911 960 et
935 942 1116 966 communes,

65 988 204 1014 erescere,
233 977 333 1016 augeri
361 981 392 1006 et
419 976 556 1015 ampliari
584 980 648 1005 tam
676 980 787 1005 natura
816 985 907 1014 quam
935 975 1119 1014 experientia

65 1021 132 1062 ipsa
155 1021 301 1056 videmus,
328 1020 449 1060 quando
473 1020 513 1050 ad
537 1020 568 1049 id
593 1020 703 1054 cuncti,
731 1030 858 1058 quorum
883 1020 1024 1049 interesse
1050 1030 1118 1049 con-

66 1066 159 1101 venit,
181 1066 212 1095 in
233 1075 390 1095 commune
410 1065 579 1099 consulunt,
601 1074 705 1093 curam
727 1064 1014 1102 meditationemque
1035 1064 1118 1092 adhi-

66 1109 153 1146 bent;
173 1109 264 1149 inque
283 1109 355 1148 ipsis
374 1108 517 1147 augendis
537 1112 568 1137 et
588 1108 768 1146 ampliandis
789 1118 841 1146 per
861 1118 891 1137 se
913 1108 1038 1146 quisque
1059 1118 1119 1137 non

66 1153 156 1184 modo
175 1153 272 1188 simul,
294 1156 348 1182 aut
367 1156 502 1187 vocatus,
524 1163 629 1181 verum
650 1156 681 1181 et
701 1152 832 1181 vicissim
853 1156 883 1181 et
903 1162 1028 1190 semper,
1051 1156 1117 1181 tum

65 1197 188 1228 consilio
210 1201 277 1227 tum
300 1197 403 1226 favore
426 1200 492 1226 tum
516 1197 563 1226 vel
588 1196 718 1225 maxime
742 1196 862 1235 speciali
887 1196 1117 1235 excogitataque

65 1251 138 1272 eura
151 1241 252 1281 aliqua
265 1241 410 1271 indefesse
425 1240 571 1279 invigilat,
587 1240 739 1269 communi
754 1240 795 1269 rei
810 1244 841 1269 et
857 1240 982 1269 utilitati
998 1244 1033 1269 ut
1047 1250 1118 1269 suae

65 1285 261 1320 inserviendo,
281 1284 404 1320 labores,
424 1284 448 1314 si
467 1285 518 1323 qui
537 1285 607 1319 sint,
626 1285 704 1313 sicut
722 1288 753 1313 et
771 1284 974 1313 emolumenta
992 1284 1070 1313 inter
1088 1294 1118 1313 se

65 1328 236 1364 dividendo,
260 1329 444 1368 libenterque
467 1328 615 1363 obeundo,
640 1339 674 1357 ac
698 1339 751 1367 per
774 1328 946 1367 hujusmodi
971 1328 1117 1357 vicissitu-

65 1372 166 1404 dinem
185 1377 382 1412 mutuamque
402 1383 501 1402 rerum
521 1373 726 1402 communium
747 1383 849 1402 curam
870 1376 901 1402 et
921 1373 1116 1411 diligentiam,

65 1417 166 1458 qualia
181 1427 236 1447 sua
251 1427 313 1447 esse
329 1417 464 1456 cupiunt,
483 1421 632 1456 quantum
649 1417 679 1446 in
697 1417 738 1446 eis
754 1417 887 1455 positum
904 1421 958 1452 est,
977 1416 1049 1445 talia
1066 1427 1119 1455 per

62 1470 96 1493 οε
119 1460 269 1496 heiendm
306 1461 387 1500 quod
411 1471 481 1490 cum
505 1461 549 1490 ita
574 1461 622 1496 sit,
649 1471 703 1490 nos
729 1461 868 1499 episcopi,
895 1461 1062 1499 presbyteri
1088 1465 1118 1489 et

63 1504 182 1536 diaconi
204 1504 232 1535 S.
254 1505 292 1535 R.
314 1505 349 1535 E.
371 1505 535 1534 cardinales
556 1505 586 1534 in
612 1515 707 1534 unum
737 1505 907 1544 congregati
938 1509 968 1534 et
999 1515 1117 1534 sacrum

62 1547 219 1589 collegium
234 1553 493 1588 repraesentantes
509 1549 672 1578 statuimus
688 1553 719 1578 et
736 1549 917 1583 ordinamus,
939 1549 1009 1578 Smo
1025 1549 1118 1578 etiam

62 1590 102 1624 D.
114 1593 153 1623 N.
166 1597 318 1623 annuente
330 1597 361 1623 et
373 1593 587 1628 consentiente,
601 1597 637 1622 ut
649 1593 742 1632 ipsius
754 1593 848 1622 nostri
861 1593 974 1632 collegii
987 1603 1117 1622 camera-

62 1636 167 1673 ristun,
199 1637 251 1677 qui
279 1647 469 1667 communem
494 1637 591 1676 ipsam
613 1637 777 1667 utilitatem
799 1647 1016 1676 communeque
1038 1647 1116 1666 emo-

62 1680 231 1712 hmenmm
247 1685 374 1720 spectat,
391 1682 518 1720 posthac
535 1682 734 1711 communiter
750 1692 802 1720 per
819 1692 921 1710 omnes
938 1686 969 1710 et
985 1681 1116 1719 singulos

63 1725 337 1755 merensdissimos
373 1725 510 1755 dominos
547 1726 712 1755 cardinales
754 1725 883 1755 vicissim
931 1730 1112 1759 exerceatur,

64 1771 212 1800 metetur
237 1773 268 1799 et
292 1773 413 1799 curetur
438 1769 494 1799 hoc
520 1770 618 1805 modo,
646 1770 798 1799 videlicet:
837 1770 881 1799 Ut
907 1780 986 1798 anno
1013 1770 1049 1798 D.
1078 1769 1115 1798 N.

66 1812 140 1843 Joeu
155 1813 264 1843 Christi
280 1814 363 1849 1467,
380 1813 431 1852 qui
446 1814 577 1852 primum
592 1814 670 1843 inter
685 1814 822 1843 dominos
838 1813 1002 1843 cardinales
1019 1814 1116 1842 locum

64 1865 120 1887 suo
135 1857 238 1887 ordine
253 1857 379 1892 obtinet,
397 1857 617 1896 magistratum,
636 1868 710 1887 onus
727 1862 758 1887 et
775 1858 909 1887 officium
926 1858 1024 1896 ipsum
1042 1857 1116 1886 acci-

65 1901 130 1940 piat
145 1905 178 1930 et
195 1901 266 1931 Smo
282 1901 319 1930 D.
337 1901 375 1931 N.
393 1911 410 1930 a
426 1911 450 1931 s.·
467 1902 589 1940 collegio
605 1906 814 1940 praesentatus
831 1902 959 1941 sigillum
977 1906 1007 1931 et
1024 1902 1116 1931 facul-

64 1948 160 1975 tatem
181 1955 373 1975 censurarum
401 1955 420 1974 a
445 1945 540 1975 S.tate
569 1956 623 1975 sua
651 1946 788 1984 accipiat,
818 1946 951 1985 illudque
981 1946 1114 1975 officium

63 1998 199 2019 exercere
224 1989 349 2028 incipiat
374 1989 539 2019 secundum
564 1994 682 2019 statuta
708 1994 739 2019 et
766 1990 968 2019 ordinationes
994 1990 1117 2019 inferius

63 2032 254 2063 adnotandas
278 2043 331 2072 per
355 2043 468 2063 annum
492 2034 650 2072 integrum.
705 2034 772 2069 Quo
796 2039 903 2063 exacto
928 2034 990 2063 sine
1015 2034 1116 2073 aliqua

63 2077 279 2107 convocatione
301 2077 490 2107 dominorum
513 2078 709 2107 cardinalium
732 2078 779 2107 vel
802 2078 1000 2117 resignatione
1024 2078 1115 2107 officii

63 2120 248 2160 intelligatur
279 2121 344 2160 ipso
377 2121 458 2150 facto
490 2121 610 2160 penitus
642 2122 791 2160 expirasse
823 2122 938 2151 dictum
972 2122 1114 2151 officium.

68 2164 156 2200 Quod
168 2165 275 2195 deinde
288 2165 446 2194 cardinalis
459 2165 490 2195 in
504 2166 568 2195 loco
580 2165 728 2195 secundus
740 2166 819 2195 idem
833 2177 885 2205 per
898 2166 990 2195 alium
1003 2176 1116 2195 annum

62 2213 148 2248 agat;
161 2219 196 2239 ac
209 2209 337 2248 denique
350 2209 457 2248 singuli
470 2209 609 2248 deinceps
622 2210 726 2239 iisdem
739 2210 961 2239 conditionibus
974 2214 1115 2244 tractent,

63 2252 163 2293 quoad
183 2253 280 2283 omnis
298 2258 400 2282 noster
419 2264 560 2283 numerus
580 2253 749 2292 impleatur.
790 2254 864 2283 Cum
885 2265 955 2283 vero
975 2265 1116 2284 numerus

61 2296 126 2336 ipse
146 2297 342 2327 cardinalium
363 2297 460 2327 omnis
481 2308 627 2332 emensus,
650 2298 789 2327 evolutus
810 2302 841 2327 et
862 2299 1028 2337 completus
1049 2298 1114 2333 erit,

62 2341 191 2380 repetito
218 2341 363 2380 principio
390 2341 504 2380 primus
531 2342 604 2371 item
632 2341 827 2371 cardinalium
856 2342 990 2371 officium
1018 2342 1115 2381 ipsum

62 2389 181 2424 repetat
206 2389 298 2424 atque
324 2390 461 2415 exerceat
487 2386 600 2424 absque
627 2386 687 2415 ullo
713 2386 820 2415 salario
847 2390 877 2415 et
903 2387 1114 2421 emolumento,

63 2432 100 2459 ut
113 2429 165 2469 qui
179 2439 239 2459 non
255 2429 366 2459 alienas
381 2430 433 2459 sed
453 2440 499 2459 res
519 2440 588 2459 suas
609 2434 688 2468 agat,
710 2430 808 2469 sitque
829 2430 918 2469 paulo
939 2435 1007 2469 post
1028 2430 1114 2459 bene-

62 2471 166 2503 ficium
189 2473 269 2503 idem
293 2477 324 2503 et
348 2473 444 2503 vicem
468 2473 507 2503 ab
532 2474 590 2503 alio
615 2478 805 2512 accepturus:
831 2485 866 2503 ea
890 2485 920 2503 re
945 2478 1114 2508 contentus,

64 2525 141 2556 qnae
154 2516 236 2547 haud
250 2527 344 2556 parva
357 2518 558 2548 existimanda
572 2522 626 2553 est,
642 2518 722 2556 quod
737 2518 947 2547 communitati
962 2518 1114 2553 inserviat,

36 2583 40 2587 .
62 2569 127 2590 rem
147 2565 263 2600 gratam
285 2561 406 2600 collegio
427 2566 458 2591 et
479 2562 622 2592 fratribus
644 2562 749 2597 faciat;
773 2562 862 2601 quod,
886 2562 963 2591 sicut
984 2562 1020 2591 de
1043 2572 1114 2591 uno-

64 2613 183 2644 quoque
202 2605 392 2644 sperandum,
413 2606 474 2636 imo
494 2606 707 2636 confidendum
728 2611 782 2641 est,
804 2606 877 2635 dum
899 2606 1020 2640 utiliter,
1043 2606 1114 2635 fide-

64 2647 140 2683 liter,
162 2648 318 2687 diligenter
338 2650 547 2688 magistratum
570 2655 601 2679 et
622 2650 755 2679 officium
779 2650 875 2689 ipsum
897 2655 1023 2685 exercet,
1047 2650 1115 2679 inde

134 2722 162 2754 ¹³)
181 2722 255 2749 Arm.
274 2723 384 2754 XXXI,
402 2724 436 2750 52
453 2723 472 2750 f.
493 2724 534 2754 12,
552 2727 581 2750 et
599 2724 725 2754 XXXII,
743 2725 777 2749 34
795 2724 813 2749 f.
836 2725 892 2750 104.
929 2724 980 2749 Illa
997 2727 1114 2754 statuta,

63 2773 135 2800 quae
151 2766 186 2792 de
202 2766 298 2793 eodem
314 2766 407 2793 officio
423 2775 448 2794 a.
468 2768 534 2795 1437
552 2768 664 2794 condita
681 2771 754 2798 sunt,
773 2776 877 2794 necnon
897 2768 1115 2794 modificationes

63 2813 94 2845 et
106 2810 174 2836 alias
188 2810 414 2842 modificationes,
429 2819 500 2846 quae
515 2815 612 2845 postea
625 2813 697 2838 circa
711 2820 743 2837 ea
758 2812 848 2838 factae
863 2816 936 2842 sunt,
953 2812 1025 2845 legas
1040 2812 1114 2845 apud

64 2853 243 2887 Baumqarten
272 2855 537 2890 „Untersuohungen
565 2856 622 2882 und
652 2856 803 2882 Urkunden
834 2857 900 2882 iiber
927 2856 972 2882 die
1000 2856 1115 2882 Camera

62 2897 167 2932 collegii
183 2898 367 2925 cardinalium
384 2899 428 2925 fiir
443 2899 487 2925 die
502 2899 562 2925 Zeit
577 2908 632 2926 von
651 2900 718 2926 1295
734 2901 775 2926 bis
794 2901 878 2927 1437“
897 2901 1017 2934 (Leipzig
1036 2901 1113 2931 1898)

62 2949 90 2976 p.
109 2942 397 2970 Lxxxlx—XCIV.

115 2999 243 3021 Hier-mhi·
260 3000 369 3021 oetdeoe
386 3000 451 3022 modu
467 3001 525 3022 mvi.
552 3001 593 3022 11.·

1228 808 1346 837 laudem
1369 812 1399 836 et
1422 808 1574 842 honorem,
1598 817 1657 836 non
1681 807 1803 845 vulgare
1825 806 2001 844 praemium,
2027 810 2189 842 mereaturg
2213 817 2284 836 nam

1227 852 1361 890 ingenuis
1385 856 1415 880 et
1439 855 1544 880 tantae
1567 851 1732 889 dignitatis,
1766 850 1942 880 exellentiae
1968 861 2002 879 ac
2026 851 2279 888 praeeminentiae

1227 896 1306 930 viris,
1338 895 1592 934 quemadmodum
1621 895 1737 924 nullum
1766 894 1888 924 omnino
1918 895 2014 923 maius
2044 894 2088 923 his
2117 895 2283 933 praemium

1227 940 1388 978 excogitari
1407 944 1461 969 aut
1479 940 1606 968 inveniri
1625 943 1734 978 potest,
1754 939 1798 968 ita
1816 949 1870 967 nec
1889 938 2110 977 expectandum
2130 943 2209 968 certe
2229 943 2283 968 est.

1304 997 1381 1026 Item
1410 998 1490 1036 quod
1517 997 1616 1026 dictus
1643 996 1832 1030 camerarius,
1862 996 1913 1035 qui
1940 1006 1994 1034 pro
2022 1000 2156 1035 tempore
2184 997 2283 1031 fuerit,

1227 1046 1375 1080 quantum
1395 1046 1504 1080 potest,
1527 1041 1693 1070 conformet
1713 1051 1743 1069 se
1763 1040 1926 1069 camerario
1947 1040 1983 1069 D.
2006 1040 2042 1069 N.
2065 1041 2165 1079 Papae
2186 1045 2216 1069 et
2236 1051 2283 1069 ca-

1227 1095 1324 1114 merae
1347 1086 1528 1124 apostolicae
1551 1090 1582 1114 et
1604 1095 1620 1114 e
1642 1095 1794 1119 converso,
1819 1088 1853 1113 ut
1876 1084 1986 1113 caritas
2009 1089 2144 1113 servetur
2167 1089 2197 1113 et
2220 1085 2285 1123 pari

1226 1129 1437 1158 distributione
1460 1129 1586 1168 quilibet
1609 1129 1720 1158 habeat
1743 1139 1862 1158 manere
1885 1132 2059 1163 contentus3
2084 1133 2113 1157 et
2136 1129 2160 1157 si
2183 1129 2284 1167 aliqua

1226 1173 1304 1202 inter
1325 1184 1374 1202 eos
1395 1173 1549 1202 contentio
1571 1173 1750 1207 suboriatur,
1773 1173 1883 1201 referat
1906 1173 1941 1201 D.
1966 1173 2002 1201 N.
2026 1173 2126 1211 Papae
2148 1173 2178 1201 in
2200 1183 2283 1211 prae-

1226 1218 1322 1246 sentia
1344 1218 1436 1256 ipsius
1458 1217 1571 1255 collegii
1593 1221 1623 1246 et
1645 1217 1798 1246 camerarii
1821 1217 1858 1245 D.
1882 1217 1918 1245 N.
1943 1217 2051 1255 Papae.

1303 1275 1382 1304 Item
1405 1275 1485 1314 quod
1508 1275 1606 1304 dictus
1629 1274 1808 1303 camerarius
1831 1284 1891 1303 non
1914 1274 2009 1312 possit
2032 1274 2127 1303 facere
2151 1274 2283 1313 aliquam

1225 1319 1466 1357 prorogationem
1482 1330 1533 1348 seu
1549 1319 1723 1348 dilationem
1740 1318 1881 1357 aliquam,
1899 1318 1955 1347 nisi
1971 1318 2007 1347 de
2023 1323 2144 1347 centum
2162 1323 2283 1348 tantum

1225 1363 1343 1392 ducatis
1360 1367 1390 1392 et
1408 1363 1463 1392 nisi
1481 1364 1571 1392 semel
1588 1363 1751 1392 dumtaxat
1772 1366 1803 1391 et
1820 1362 1859 1391 ad
1877 1363 1892 1391 4
1911 1363 1958 1391 vel
1977 1364 1993 1391 6
2012 1373 2126 1391 menses
2145 1367 2280 1392 tantum:

1226 1411 1256 1436 et
1277 1408 1332 1436 hoc
1353 1407 1546 1446 intelligatur,
1570 1407 1692 1446 quando
1713 1417 1830 1435 camera
1852 1406 2017 1444 apostolica
2038 1406 2214 1436 dilationem
2235 1407 2282 1436 vel

1225 1451 1466 1490 prorogationem
1503 1451 1689 1490 praedictam
1727 1450 1832 1485 iaciat;
1871 1450 2074 1480 remissionem
2112 1455 2215 1480 autem
2252 1451 2283 1479 in

1225 1499 1325 1525 totum
1347 1496 1394 1524 vel
1415 1495 1445 1524 in
1466 1499 1584 1534 partem
1606 1495 1702 1524 facere
1722 1495 1804 1524 nullo
1826 1494 1916 1524 modo
1937 1495 2032 1533 possit
2053 1495 2115 1524 sine
2136 1505 2282 1524 consensu

1225 1540 1317 1569 etiam
1331 1540 1523 1578 singulorum.
1551 1540 1592 1568 Et
1606 1539 1629 1568 si
1643 1539 1776 1577 aliquam
1790 1539 1963 1568 dilationem
1979 1539 2025 1567 vel
2040 1539 2281 1577 prorogationem

1225 1584 1311 1613 aliter
1336 1584 1447 1618 fecerit,
1474 1584 1622 1613 habeatur
1646 1594 1700 1622 pro
1725 1583 1845 1617 infecta,
1873 1587 1904 1611 et
1929 1583 1965 1611 de
1991 1593 2045 1612 suo
2070 1583 2143 1612 illud
2169 1583 2283 1612 solvere

1225 1631 1364 1657 teneatur
1390 1638 1486 1666 neque
1513 1639 1601 1666 super
1628 1628 1682 1656 hoc
1709 1627 1842 1656 remissio
1869 1627 1969 1665 aliqua
1997 1627 2150 1665 impetrari
2177 1627 2280 1665 possit.

1226 1672 1303 1701 Item
1329 1672 1408 1710 quod
1432 1672 1462 1701 in
1487 1672 1574 1701 dictis
1598 1671 1820 1700 remissionibus
1844 1671 1988 1700 faciendis
2012 1681 2070 1700 non
2096 1671 2282 1700 consentien-

1225 1715 1306 1745 tibus
1332 1727 1385 1745 sua
1410 1716 1509 1755 portio
1534 1716 1631 1750 detur,
1658 1726 1692 1744 ac
1718 1715 1742 1744 si
1768 1715 1849 1744 facta
1874 1725 1935 1744 non
1961 1720 2038 1744 esset
2063 1715 2196 1744 remissio
2221 1715 2280 1744 illa.

1225 1760 1303 1789 Item
1323 1760 1403 1799 quod
1422 1760 1504 1789 nulla
1522 1759 1686 1798 propositio
1706 1759 1885 1788 remissionis
1904 1770 1956 1788 seu
1975 1759 2127 1788 dilationis
2146 1759 2210 1788 fieri
2229 1769 2282 1798 per

1224 1804 1420 1833 camerarium
1442 1808 1497 1833 aut
1518 1804 1648 1842 aliquem
1671 1803 1762 1832 alium
1785 1814 1821 1832 ex
1844 1803 1961 1832 revmis.
1986 1803 2123 1832 Dominis
2145 1803 2175 1832 in
2197 1813 2281 1842 prae-

1224 1848 1320 1877 sentia
1337 1849 1469 1887 partium
1486 1848 1588 1887 possit,
1607 1858 1660 1876 nec
1677 1851 1750 1876 vota
1766 1847 1857 1876 etiam
1875 1858 1963 1886 super
1980 1847 2036 1876 hiis
2052 1847 2130 1881 dari;
2148 1847 2281 1886 alioquin

1224 1892 1288 1931 ipsa
1310 1896 1382 1921 vota
1403 1893 1463 1922 sint
1484 1893 1574 1921 nulla.

1302 1946 1379 1975 Item
1411 1945 1491 1985 quod
1522 1946 1676 1984 praefatus
1707 1945 1887 1973 camerarius
1918 1955 1977 1973 non
2010 1945 2104 1983 possit
2135 1945 2280 1983 deputare

1224 1994 1369 2028 perpetuo
1396 1990 1443 2019 vel
1471 1990 1513 2018 ad>
1538 1994 1658 2027 tempus
1685 1989 1805 2017 elericos
1834 1989 1879 2017 vel
1908 1989 2123 2027 depositarium
2152 1988 2280 2027 praefati

1224 2034 1345 2072 collegii,
1364 2034 1415 2063 sed
1432 2034 1488 2072 ipsi
1505 2033 1601 2062 clerici
1618 2037 1648 2062 et
1664 2033 1863 2071 depositarius
1880 2033 2028 2070 eligantur
2045 2043 2097 2070 per
2113 2032 2279 2071 collegium,

1224 2082 1254 2106 et
1274 2088 1333 2107 non
1356 2078 1450 2107 aliter.

1224 2131 1302 2160 Item
1319 2131 1399 2170 quod
1415 2141 1474 2160 non
1490 2131 1585 2169 possit
1600 2130 1630 2159 in
1646 2130 1736 2159 domo
1751 2139 1805 2158 sua
1822 2130 1868 2158 vel
1884 2134 1970 2158 extra
1987 2134 2086 2158 tenere
2102 2129 2139 2158 de
2155 2139 2280 2158 numero

1224 2186 1294 2204 suae
1310 2175 1439 2204 familiae
1455 2174 1668 2204 commensales
1683 2174 1729 2202 vel
1745 2173 1818 2203 alios
1834 2174 1894 2203 suis
1909 2174 2081 2212 sumptibus
2097 2178 2127 2202 et
2142 2173 2280 2212 expensis

1223 2219 1342 2248 clericos
1364 2219 1492 2258 praefati
1508 2218 1620 2257 collegii
1643 2218 1690 2246 vel
1712 2218 1839 2247 alterum
1862 2228 1898 2247 ex
1920 2218 1974 2252 eis;
1998 2222 2028 2246 et
2050 2218 2073 2246 si
2095 2217 2279 2247 contrarium

1224 2263 1334 2298 fecerit,
1359 2263 1432 2292 dicti
1456 2263 1551 2292 cleriei
1575 2263 1640 2301 ipso
1663 2262 1744 2291 facto
1767 2262 1828 2290 sint
1851 2262 1963 2300 privati
1986 2261 2068 2290 dicto
2092 2261 2200 2290 officio.

1301 2317 1378 2345 Item
1402 2316 1482 2355 quod
1505 2315 1627 2354 singulis
1650 2315 1767 2345 duobus
1792 2315 1943 2344 mensibus
1966 2315 2012 2344 vel
2037 2319 2116 2349 ante,
2141 2314 2165 2344 si
2189 2314 2279 2343 fuerit

1223 2371 1276 2399 per
1296 2360 1451 2399 collegium
1474 2359 1643 2398 requisitus,
1668 2360 1822 2399 praefatus
1846 2359 2025 2388 camerarius
2049 2358 2158 2387 debeat
2182 2359 2277 2387 facere

1223 2404 1408 2439 divisionem,
1434 2414 1487 2433 nec
1510 2404 1572 2433 sine
1596 2414 1740 2433 consensu
1764 2403 1954 2433 dominorum
1978 2403 2172 2432 cardinalium
2199 2403 2278 2431 ultra

1223 2449 1323 2477 valeat
1344 2449 1425 2477 illam
1446 2448 1561 2477 diferre.

1300 2501 1377 2530 Item
1399 2501 1479 2540 quod
1499 2501 1560 2530 sint
1579 2501 1640 2530 duo
1660 2501 1755 2530 clerici
1777 2505 1807 2529 et
1828 2510 1905 2529 unus
1935 2500 2133 2538 depositarius
2163 2499 2277 2537 collegii

1223 2550 1253 2574 et
1267 2545 1305 2574 ab
1319 2545 1384 2584 ipso
1398 2545 1520 2583 collegio
1534 2545 1659 2583 eligendi
1674 2549 1705 2574 et
1719 2544 1756 2574 ad
1772 2549 1880 2574 nutum
1896 2544 2080 2578 amovibiles,
2097 2543 2148 2582 qui
2164 2543 2277 2572 faciant

1222 2593 1253 2618 et
1270 2593 1428 2618 exerceant
1445 2599 1548 2618 eorum
1566 2589 1699 2618 officium
1718 2599 1799 2618 more
1817 2588 1914 2623 solito,
1934 2592 1964 2617 et
1982 2587 2083 2627 jurent
2102 2587 2230 2616 fideliter
2247 2591 2279 2616 et

1222 2633 1378 2671 diligenter
1401 2633 1474 2662 illud
1497 2643 1640 2667 exercere,
1665 2643 1699 2662 ac
1723 2633 1796 2667 iura,
1822 2633 2034 2666 emolumenta,
2060 2635 2224 2670 proventus
2247 2635 2278 2660 et

1222 2677 1356 2706 redditus
1381 2687 1414 2706 ac
1439 2677 1554 2706 fructus
1578 2677 1651 2706 dicti
1675 2676 1788 2715 collegii
1813 2680 1917 2705 contra
1943 2686 2147 2714 quoscumque
2172 2685 2276 2704 manu-

1222 2725 1321 2750 tenere
1335 2725 1365 2750 et
1378 2721 1544 2755 defendere,
1560 2725 1590 2749 et
1604 2721 1849 2759 quotiescumque
1863 2720 1997 2759 requisiti
2012 2719 2132 2754 fuerint,
2147 2719 2278 2748 rationes

1222 2765 1356 2800 reddere,
1375 2769 1405 2794 et
1423 2765 1503 2804 quod
1521 2765 1593 2794 nihil
1611 2765 1711 2803 aliquo
1730 2764 1818 2794 modo
1836 2775 1871 2793 cx
1891 2774 2080 2803 quacumque
2098 2774 2188 2793 causa
2206 2763 2277 2792 reci—

1222 2809 1316 2848 piant,
1344 2809 1399 2838 nisi
1426 2813 1573 2848 quantum
1601 2819 1654 2847 pro
1680 2819 1781 2838 eorum
1808 2808 1915 2837 salario
1941 2808 1982 2837 eis
2009 2808 2190 2846 deputatum
2217 2812 2275 2836 est:

1222 2853 1272 2892 qui
1295 2853 1391 2882 clerici
1415 2853 1547 2882 habeant
1570 2863 1623 2892 pro
1646 2853 1753 2881 salario
1777 2862 1869 2881 unum
1894 2852 2039 2881 florenum
2065 2862 2118 2890 pro
2142 2851 2277 2890 quolibet

1221 2897 1391 2926 centenario
1413 2897 1450 2926 de
1473 2897 1681 2926 communibus
1703 2896 1832 2925 servitiis
1855 2896 2044 2925 dominorum
2068 2895 2275 2929 cardinalium,

1222 2952 1279 2970 non
1301 2941 1484 2980 computatis
1504 2941 1611 2979 grossis
1633 2941 1859 2979 quitantiarum.

2065 2993 2085 3024 8
