2436 3328
103 333 156 377 ob.
177 333 239 365 Alf.
260 332 345 364 card.

60 399 62 402 ’
103 390 144 435 tp,
165 386 228 419 Ali.
249 385 292 417 ed
312 384 482 424 Toletan.³)

102 492 167 539 (οι).
189 492 280 523 Fam.
304 492 394 530 1465)

51 543 71 558 '³
102 542 154 583 ob.
177 545 248 577 Joa..
270 544 355 575 eard.

60 596 153 639 :mb-
175 597 210 630 P.
232 597 316 629 88111.
339 597 481 628 Toletan.

59 812 65 815 -
100 790 165 838 (ob.
188 790 322 822 Joannis
345 791 434 830 1442)

253 841 256 846 ’
550 843 709 875 Elzearius
730 843 769 874 de
791 843 974 875 Villeneuve

58 868 514 881 ...........

99 895 151 940 qb.
174 896 331 936 (Elzearii)

42 1079 58 1120 s
99 1091 151 1127 ob.
175 1091 277 1122 Caroli
301 1092 392 1131 (1444
418 1091 519 1132 Sept.)

48 1172 55 1187 ,
99 1144 151 1176 ob.
173 1144 286 1176 Christ.
310 1145 402 1184 (1444
422 1144 519 1184 Nov.)

43 1213 48 1241 ,j
99 1197 151 1229 ob.
173 1197 260 1229 Ner-ii
282 1198 372 1237 (1449
395 1197 479 1237 Oct.)

52 1246 65 1255 ’
99 1261 160 1282 ass.
181 1251 306 1282 Aeneae
325 1250 358 1282 in
381 1250 412 1282 S.
434 1250 497 1290 P.³)

50 1308 51 1311 ’
99 1303 152 1336 ob.
173 1304 248 1335 Ant.
271 1304 362 1344 (1459
383 1303 465 1335 Nov.
487 1305 518 1343 8)

100 1499 152 1531 ob.
174 1499 330 1530 Francisei
352 1500 456 1539 (1431)

99 1552 151 1584 ob.
174 1551 343 1592 Barthol.²)

99 1605 151 1637 ob.
173 1605 303 1637 Antonii
325 1606 429 1646 (1466)

54 1671 55 1674 =
98 1658 150 1690 ob.
172 1658 285 1690 Christ.
309 1658 413 1699 (1474)

26 1834 41 1885 s.
98 1852 161 1893 (ob.
187 1853 238 1884 Jo.
263 1853 340 1883 1432
364 1852 440 1884 Jun.
463 1852 514 1892 30)

34 1905 38 1908 ”
97 1916 154 1937 res.
181 1905 360 1945 Ludovieil)

556 2171 696 2201 seguntia.

24 2229 25 2232 =
167 2215 189 2248 ¹)
208 2215 312 2242 Postul.
326 2223 343 2241 8.
355 2216 438 2250 capit.
451 2217 480 2241 et
492 2214 675 2241 recommend.
689 2223 706 2240 8
718 2222 780 2248 rege
791 2214 933 2240 Castellae.
960 2213 979 2240 J
980 2222 1026 2239 am
1041 2214 1072 2239 12
1085 2213 1151 2247 Apr.

29 2261 36 2271 ²
98 2260 166 2286 14:34
175 2259 212 2286 ad
221 2259 285 2286 8881.
298 2259 440 2294 Seguntin.
451 2268 511 2285 vac.
523 2267 572 2293 per
582 2259 625 2285 ob.
638 2258 744 2285 Alfonsi
754 2258 827 2284 eard.
839 2258 991 2284 translatus
1001 2261 1044 2284 est
1054 2258 1152 2283 Petrus

28 2298 34 2338 J
95 2311 139 2338 ep.
155 2303 298 2335 Oxomen.‚
313 2306 454 2330 reservata
467 2312 561 2329 annua
575 2312 650 2337 pens.
667 2303 736 2329 2000
750 2303 897 2336 duplarum
912 2302 1052 2333 solvenda,
1069 2305 1152 2336 prout

30 2351 31 2354 ’
97 2347 125 2375 S.
141 2348 172 2374 P.
188 2348 334 2375 mandabit
349 2348 421 2381 (Obl.
438 2349 481 2379 66,
499 2349 574 2380 117);
590 2348 637 2373 sed
652 2347 699 2373 illa
713 2347 808 2373 transl.
825 2347 956 2373 effectum
972 2355 1027 2372 non
1043 2346 1149 2372 habuit.

18 2383 22 2390 '
165 2393 187 2425 ι)
206 2393 243 2419 ιη
262 2401 349 2427 epum.
373 2393 442 2419 1440
461 2392 527 2418 Maii
547 2393 563 2418 9
585 2391 657 2423 (obl.
680 2393 722 2422 66,
744 2392 798 2423 52).

165 2436 188 2470 ⁸)
206 2437 284 2464 Inter
301 2437 392 2463 Gund.
410 2439 439 2463 et
455 2437 533 2463 Fem.
552 2436 627 2470 apud
642 2436 724 2462 Gam
740 2444 765 2470 p.
784 2437 819 2463 74
834 2438 990 2461 recensetur
1007 2435 1150 2466 „Joannes

94 2481 130 2508 de
146 2480 324 2508 Villelobos“.

23 2549 36 2564 ·,
165 2525 187 2558 ⁴)
210 2525 264 2558 Qui
282 2526 311 2552 in
330 2525 358 2553 S.
378 2526 412 2552 R.
433 2525 464 2551 E.
485 2525 558 2551 eard.
579 2526 594 2552 7
614 2525 695 2551 Mart.
718 2525 784 2551 1473
804 2527 947 2558 promotus
966 2524 1067 2549 retinet
1085 2523 1148 2549 ecel.

97 2569 249 2605 Seguntin„
265 2578 354 2604 neque
369 2578 431 2596 88111
446 2570 559 2600 dimisit,
577 2572 725 2607 postquam
741 2568 804 2594 ecel.
821 2568 963 2602 Hispalen.
981 2570 1009 2594 et
1024 2568 1147 2593 Toletan.

95 2614 225 2641 obtinuit.
255 2614 310 2641 eir.
326 2614 460 2641 Oxomen.
475 2629 512 2632 —
525 2614 559 2640 In
575 2614 637 2639 abb.
655 2621 728 2639 mon.
744 2613 895 2639 Vallisoleti
910 2612 995 2638 dioec.
1013 2612 1147 2638 Palentin.

27 2654 30 2655 ⁷
95 2666 155 2685 vac.
174 2667 223 2693 por
240 2659 284 2685 ob.
304 2659 335 2685 P.
354 2658 428 2685 eard.
447 2658 534 2685 Tolet.
554 2660 733 2692 promovetur
753 2657 902 2683 Gutherius
920 2656 954 2682 de
972 2656 1076 2682 Toleto.

165 2703 186 2735 ¹⁵)
206 2703 316 2737 Reeign.
336 2711 434 2729 comm.
453 2703 517 2729 eccl.
537 2702 709 2736 Cartaginen.

557 2748 684 2774 senecen.

112 2786 113 2789 ’
165 2791 186 2824 ¹)
205 2791 308 2818 Unitur
332 2791 459 2817 ecelesiae
483 2791 610 2817 Venoien.
640 2792 670 2818 17
695 2790 761 2816 Maii
788 2790 852 2816 1431
880 2789 965 2821 (Arm.
993 2789 1061 2819 XII,
1089 2789 1146 2819 121,

20 2840 38 2874 ι’
91 2841 121 2870 p.
142 2836 214 2868 260),
235 2843 306 2869 quae
324 2835 390 2861 unio
411 2836 444 2861 14
462 2835 527 2861 Maii
549 2836 617 2861 1440
636 2835 760 2860 solvitur.

165 2923 186 2956 ι)
203 2923 239 2950 111
262 2923 367 2950 collina
388 2923 473 2950 dioec.
499 2881 710 2954 Bonosffesscn
735 2923 840 2953 doctor,
864 2922 970 2947 nobilis

552 332 702 364 Allonsus
721 332 760 363 de
780 332 902 369 Catillo,
923 335 1083 373 protonot.
1104 331 1245 372 apost.¹)‚
1265 331 1301 362 im
1318 331 1463 371 adminss)
1507 331 1583 361 1435
1607 330 1685 362 Julii
1708 333 1725 361 6

555 385 763 417 Gundisalvus
788 385 840 424 (de
864 396 888 416 s.
914 385 1038 424 Maria),
1064 395 1112 425 ep.
1139 384 1313 416 Plaeentin.

55 426 69 462 s
102 439 155 480 ob.
197 463 516 471 ........
552 439 733 470 Femandus
757 438 796 469 de
820 438 933 469 Luxan
959 437 1098 479 (Lujan),
1124 441 1284 478 protonot.
1311 442 1413 478 apost.

554 492 692 523 Joannes
711 491 751 522 de
771 491 874 528 Mella,
897 490 927 522 S.
950 491 989 522 R.
1012 490 1049 521 E.
1071 490 1156 521 eard.
1178 495 1210 522 et
1229 501 1278 531 ep.
1300 491 1462 522 Zamoren.
1509 491 1585 520 1465
1607 490 1682 521 Maii
1704 491 1744 521 20
1801 491 1920 522 Sehede
1942 491 1973 522 di
1998 492 2149 533 Garampi

551 545 661 577 Petrus
698 544 818 584 (Gund.
855 544 895 575 de
932 543 1108 583 Mendoza),
1146 554 1195 585 ep.
1225 543 1464 585 Calaguritanfl)
1510 543 1586 574 1467
1609 543 1679 575 Oet.
1702 544 1742 574 30
1800 544 1869 575 Obl.
1893 546 1941 582 83,
1965 545 1982 575 7

550 598 761 629 Bemardinus
782 596 929 638 Carvajal
950 597 1046 634 card„
1069 597 1100 627 in
1120 607 1233 628 comm.
1255 598 1324 636 (res.
1347 596 1464 637 1530)⁵)
1511 597 1587 627 1495
1609 596 1684 628 Feb.
1707 597 1747 627 20
1799 597 1851 628 AC
1873 597 1993 629 Camer.
2017 598 2042 635 I,
2065 599 2101 628 41

550 790 673 826 Erigius
698 790 876 831 (Georgius)
901 790 941 821 de
966 790 1110 828 018118111,
1137 791 1198 822 obl.
1225 802 1257 822 se

550 897 695 928 Nioolaus
720 893 772 936 (de
796 896 988 934 villeneuve,
1013 897 1102 928 sedet
1126 907 1225 938 usque
1250 897 1291 928 ad
1316 908 1344 928 a.
1373 897 1462 936 1507)

553 1090 790 1126 christophorus
817 1090 868 1130 (de
893 1101 917 1121 5.
946 1090 1115 1130 Μ8188110),
1142 1102 1190 1132 ep.
1218 1091 1391 1123 Ariminen.

553 1144 663 1176 Nerius
687 1144 726 1175 de
751 1144 860 1174 Monte
887 1143 1014 1181 Garulo,
1041 1143 1122 1185 pleb.
1148 1144 1222 1175 8881.
1248 1155 1271 1176 s.
1298 1144 1419 1184 Laur.¹)

554 1197 677 1229 Aeneas
704 1197 819 1228 Silvius
844 1197 1056 1234 Piccolomini,
1082 1208 1130 1238 ep.
1157 1198 1356 1238 Tergestinfl)

554 1250 711 1282 Antonius
724 1250 861 1289 (Piccol.‚
874 1250 974 1281 abbas
986 1261 1070 1281 mon.
1083 1261 1107 1281 s.
1121 1250 1193 1282 Vilii
1208 1250 1344 1290 Senen.),
1357 1251 1419 1282 obl.
1433 1262 1465 1282 se

554 1304 738 1335 Franciscus
757 1303 796 1334 (18
816 1303 941 1340 Ρ18801.,
962 1303 1023 1334 obl.
1044 1314 1076 1334 se
1097 1305 1170 1343 (600
1188 1303 1273 1343 fl.)⁴¹),
1293 1305 1329 1335 in
1347 1304 1463 1335 admin.

549 1499 809 1530 Bartholomaeus
837 1498 990 1539 (Vignati)
1018 1498 1057 1529 de
1084 1497 1283 1537 Monticulol)

549 1552 706 1583 Antonius
733 1551 948 1591 (Colombella)
975 1551 1014 1582 de
1040 1550 1232 1590 Racanato³)

550 1605 787 1641 christophorus
813 1605 864 1644 (de
891 1604 1106 1644 Blanderata),
1133 1603 1266 1635 cubicul.
1296 1603 1326 1635 S.
1353 1603 1415 1642 P.⁴)

549 1659 674 1690 Marcus
685 1658 724 1689 de
735 1658 866 1698 Vigeriis
879 1657 930 1697 (de
942 1658 1080 1696 Ruvere)
1094 1657 1130 1689 O.
1143 1657 1246 1696 Min.⁵)

546 1853 720 1883 Ludovicus
747 1851 798 1891 (de
824 1851 953 1890 Melun),
981 1851 1082 1882 adiae.
1110 1852 1167 1892 ips.
1195 1851 1267 1882 8881.

546 1905 727 1937 Tristaudus
759 1905 810 1944 (de
844 1904 993 1944 Salazar),
1026 1915 1074 1945 ep.
1107 1904 1241 1935 Melden.
1275 1904 1306 1944 (†
1340 1903 1456 1943 1519)2)

645 150 859 194 Seguntin„
884 150 1082 187 senecen..
1106 149 1257 186 Senon„
1281 149 1551 201 Senogallien„
1577 149 1771 184 Senonen.
2264 152 2328 183 235

612 247 826 295 Seguntin.
847 247 1068 291 (Siguenza)
1090 247 1125 279 in
1149 246 1319 288 Hispania,
1344 246 1435 278 suffr.
1460 246 1609 278 Toletan.
1636 247 1737 286 (2000
1760 247 1811 288 ss.)

1799 332 1868 363 Obl.
1892 334 1940 369 66,
1964 334 2004 363 20

1507 384 1585 414 1446
1607 384 1686 425 Aug.
1712 385 1749 414 10
1799 385 1868 416 Obl.
1892 385 1940 422 72,
1966 386 2003 416 14

1508 438 1584 467 1449
1607 437 1700 468 Mart.
1733 437 1768 468 17
1799 438 1869 469 Obl.
1893 438 1941 475 72,
1964 440 2003 469 35

636 706 827 742 senecen.
851 705 1007 748 (Βόηθε)
1029 707 1063 738 in
1087 706 1204 744 Gallia,
1228 706 1318 739 suffr.
1342 707 1552 739 Ebredunen.
1577 707 1658 747 (300
1686 707 1736 749 ss.)
1746 708 1773 749 1)

1505 792 1581 821 1442
1605 791 1674 822 Oct.
1700 793 1736 822 12

1505 844 1581 875 1467
1604 844 1678 885 Apr.
1705 845 1742 875 10

1505 898 1579 928 1491
1603 898 1683 938 Aug.
1707 899 1726 928 8

1797 786 1811 891 }
1860 818 1980 850 Schede
2001 819 2033 850 di
2058 819 2208 861 Garampi

1796 898 1847 929 AC
1870 898 1991 930 Camer.
2016 899 2041 936 I,
2067 901 2102 930 16

681 1005 824 1041 Senen-
849 1005 995 1046 (Siena.)
1018 1007 1052 1038 in
1074 1006 1169 1039 Italia
1192 1007 1309 1045 media,
1334 1007 1466 1040 immed.
1491 1008 1576 1049 subj.
1602 1009 1680 1048 (600
1704 1008 1754 1049 fl.)

1799 1093 1869 1124 Obl.
1893 1093 1941 1131 72,
1965 1094 1982 1124 7

1799 1146 1868 1177 Obl.
1892 1146 1941 1183 72,
1964 1148 1983 1177 8

1507 1093 1583 1122 1444
1608 1092 1694 1133 Sept.
1720 1093 1756 1122 18

1507 1146 1583 1175 1444
1606 1145 1688 1176 Nov.
1711 1145 1749 1176 27

1506 1199 1584 1228 1450
1607 1198 1693 1239 Sept.
1717 1200 1755 1229 23

1506 1252 1583 1282 1458
1607 1251 1693 1293 Sept.
1719 1252 1756 1282 18

1507 1305 1584 1334 1460
1605 1304 1680 1336 Feb.
1704 1306 1722 1335 6

1801 1199 1919 1230 Schede
1941 1200 1973 1230 di
1997 1200 2148 1242 Garampi

1799 1252 1869 1283 Obl.
1893 1252 1941 1290 76,
1966 1254 2024 1284 158

1799 1305 1869 1337 Obl.
1892 1305 1941 1343 76,
1966 1307 2020 1337 181

559 1413 832 1458 senogallien.
857 1413 1098 1457 (Sinigaglia)
1122 1413 1155 1444 in
1178 1413 1272 1445 Italia
1294 1414 1413 1454 media,
1436 1414 1567 1446 immed.
1593 1414 1677 1455 subj.
1702 1414 1783 1454 (400
1806 1414 1856 1457 ss.)

1505 1498 1579 1528 1431
1603 1497 1677 1528 Maii
1700 1498 1718 1527 4

1505 1550 1580 1581 1447
1603 1550 1678 1581 Dec.
1704 1552 1740 1581 15

1796 1498 1847 1529 AC
1869 1498 1996 1529 Miscell.
2020 1499 2046 1536 I,
2068 1499 2127 1530 217

1796 1551 1865 1582 Obl.
1889 1551 1938 1589 72,
1961 1553 2001 1582 30

1796 1604 1865 1635 Obl.
1889 1606 1938 1642 83,
1964 1607 1976 1635 1

1797 1657 1877 1688 Sixt.
1904 1657 1949 1689 IV
1974 1658 2044 1689 Lat.
2071 1669 2099 1690 8.
2126 1660 2144 1689 6
2169 1659 2189 1690 l.
2217 1660 2230 1690 1
2258 1659 2279 1690 f.
2305 1660 2324 1690 8

1504 1605 1580 1634 1466
1603 1604 1696 1634 Mart.
1729 1605 1764 1634 16

1504 1657 1580 1703 1476
1604 1656 1673 1688 oct.
1697 1658 1715 1687 6

756 1768 951 1802 senonen.
975 1767 1106 1809 (Sene)
1129 1767 1164 1799 in
1187 1767 1302 1806 Gallia,
1327 1769 1466 1808 metrop,
1491 1768 1593 1808 (6000
1616 1767 1666 1808 ss.)

1480 1844 1576 1951 11432
1600 1851 1670 1882 Oct.
1696 1851 1732 1881 14
1776 1846 1846 1950 (AC
1864 1851 1990 1883 Miseell.
2010 1852 2036 1889 Ι,
2054 1853 2113 1882 239

1501 1903 1577 1934 1474
1601 1903 1687 1944 Sept.
1711 1905 1749 1934 26
1793 1904 1863 1936 Obl.
1887 1905 1936 1942 83,
1960 1906 1999 1935 34

1009 1999 1171 2056 septen.
1195 2025 1223 2045 υ.
1247 2012 1415 2055 copton.

1330 2168 1351 2200 ²)
1376 2168 1428 2199 Qui
1439 2169 1470 2194 17
1481 2167 1546 2193 Dec.
1559 2168 1626 2193 1456
1635 2167 1663 2192 in
1674 2167 1700 2193 S.
1711 2167 1744 2193 R.
1756 2167 1787 2193 E.
1799 2167 1871 2193 card.
1882 2170 2027 2201 promotus
2035 2167 2138 2193 retinet
2145 2167 2209 2193 ecel.
2222 2167 2320 2194 Senen.

1329 2212 1351 2244 ³)
1371 2212 1409 2238 Et
1427 2212 1470 2238 ob.
1492 2212 1628 2237 Francisci
1647 2211 1770 2237 Tolomei
1788 2212 1822 2237 el.

1329 2256 1350 2289 ⁴)
1371 2257 1470 2287 „Quae
1484 2264 1592 2281 summa
1606 2256 1719 2282 remissa
1732 2259 1774 2282 est
1788 2264 1838 2290 pro
1852 2255 1973 2289 nepot-³⁶⁴
1989 2256 2042 2288 (Pii
2055 2256 2105 2288 II).
2140 2256 2193 2287 Qui
2206 2258 2223 2282 5
2236 2256 2318 2282 Mart.

1261 2302 1328 2327 1460
1347 2303 1490 2335 promotus
1509 2301 1537 2325 in
1558 2300 1584 2327 S.
1606 2300 1640 2326 R.
1661 2300 1693 2326 E.
1714 2300 1787 2326 card.
1809 2300 1911 2326 retinet
1929 2300 1994 2326 eccl.
2017 2300 2114 2326 Senen.
2135 2300 2180 2326 die
2199 2300 2232 2326 23
2251 2300 2318 2334 Apr.

1259 2346 1326 2371 1459
1345 2344 1569 2379 archiepiscopali
1588 2344 1671 2370 titulo
1690 2345 1850 2378 insignitam
1869 2345 1985 2378 ejusque
2003 2344 2214 2370 administrator
2231 2352 2319 2378 usque

1257 2389 1293 2415 ad
1310 2390 1527 2423 assumptionem
1545 2389 1573 2414 in
1592 2388 1618 2415 S.
1638 2389 1667 2414 P.
1687 2389 1811 2421 (nomine
1828 2389 1870 2414 Pii
1887 2389 1944 2421 III)
1962 2391 2095 2419 remanet,
2114 2389 2319 2415 consecratione

1256 2433 1404 2468 episcopali
1416 2433 1460 2459 vel
1471 2433 1566 2459 ordine
1576 2433 1698 2467 presbyt.
1709 2441 1765 2459 non
1775 2434 1900 2467 receptis.
1917 2433 1961 2459 Ab
1972 2433 2033 2467 ipso
2042 2440 2116 2459 nuno
2126 2433 2155 2459 in
2164 2441 2207 2468 ep.
2221 2433 2319 2460 8811811.

1257 2487 1380 2512 promov.
1407 2479 1529 2506 Ioannes
1552 2477 1646 2504 Nanni
1668 2477 1832 2503 Tedeschini
1854 2477 2041 2503 Pieeolomini.
2071 2476 2125 2503 cfr.
2147 2477 2264 2503 Pientin.

1697 2523 1877 2552 senogallien.

1327 2566 1347 2598 ¹)
1367 2566 1498 2592 Datarius
1520 2566 1578 2591 sive
1600 2566 1717 2599 scriptor
1739 2566 1970 2599 poenitentiariae
1993 2568 2082 2599 apost.

1325 2610 1347 2642 ²³)
1369 2610 1525 2636 Secundum
1547 2609 1628 2636 Gamo
1652 2618 1678 2644 p.
1705 2610 1755 2637 727
1780 2610 1838 2643 jam
1864 2619 1888 2636 8..
1917 2610 1993 2635 1438.

1325 2655 1346 2686 ³)
1367 2654 1432 2681 Can.
1453 2663 1506 2688 reg.
1528 2653 1559 2680 O.
1579 2662 1600 2680 5.
1621 2654 1653 2680 Α.

1325 2699 1346 2731 ⁴)
1366 2699 1397 2725 V.
1418 2701 1475 2724 not.
1496 2699 1514 2724 4
1530 2698 1566 2724 ad
1585 2698 1681 2724 Alben.

1325 2743 1346 2775 ⁶)
1365 2743 1436 2777 Mag.
1455 2742 1537 2769 theol.
1567 2742 1619 2773 Qui
1636 2751 1660 2768 a.
1677 2743 1744 2769 1505
1759 2743 1787 2768 in
1805 2742 1831 2769 S.
1850 2742 1883 2768 R.
1902 2742 1933 2768 E.
1952 2742 2025 2768 card.
2044 2744 2188 2776 promotus
2203 2742 2319 2768 retinuit

1254 2787 1317 2813 eccl.
1340 2787 1436 2821 Senog.
1457 2795 1544 2820 usque
1563 2787 1598 2812 ad
1617 2795 1641 2812 8.
1664 2787 1739 2812 1513.

1715 2832 1850 2858 senonen.

1325 2875 1346 2907 ¹)
1365 2876 1414 2902 Cui
1438 2884 1535 2901 reserv.
1560 2883 1653 2900 annua
1676 2876 1770 2909 pensio
1795 2875 1863 2901 1200
1887 2875 1951 2901 libr.
1977 2874 2050 2901 illius
2073 2877 2210 2901 monetae.

1324 2920 1345 2952 ²)
1365 2919 1519 2946 Celebravit
1542 2919 1685 2945 concilium
1709 2919 1877 2953 provinciale
1900 2928 1924 2945 a.
1954 2919 2023 2945 1485
2045 2921 2074 2945 et
2098 2920 2174 2945 1511.

2098 2968 2157 3000 30*
