<?xml version="1.0" encoding="UTF-8"?>
<!DOCTYPE html PUBLIC "-//W3C//DTD XHTML 1.0 Transitional//EN"
    "http://www.w3.org/TR/xhtml1/DTD/xhtml1-transitional.dtd">
<html xmlns="http://www.w3.org/1999/xhtml" xml:lang="en" lang="en">
 <head>
  <title>
</title>
<meta http-equiv="Content-Type" content="text/html;charset=utf-8" />
  <meta name='ocr-system' content='tesseract 3.04.00' />
  <meta name='ocr-capabilities' content='ocr_page ocr_carea ocr_par ocr_line ocrx_word'/>
</head>
<body>
  <div class='ocr_page' id='page_1' title='image "./hierarchiacathol02eubeuoft/hierarchiacathol02eubeuoft_0071.png"; bbox 0 0 2436 3328; ppageno 0'>
   <div class='ocr_carea' id='block_1_1' title="bbox 602 173 2257 211">
    <p class='ocr_par' dir='ltr' id='par_1_1' title="bbox 602 173 2257 211">
     <span class='ocr_line' id='line_1_1' title="bbox 602 173 2257 211; baseline -0.002 -1"><span class='ocrx_word' id='word_1_1' title='bbox 602 175 834 211; x_wconf 75' lang='lat' dir='ltr'><strong>cardinales</strong></span> <span class='ocrx_word' id='word_1_2' title='bbox 857 175 932 210; x_wconf 86' lang='lat' dir='ltr'>sub</span> <span class='ocrx_word' id='word_1_3' title='bbox 955 174 1188 209; x_wconf 79' lang='lat' dir='ltr'>Innocentio</span> <span class='ocrx_word' id='word_1_4' title='bbox 1210 173 1301 208; x_wconf 88' lang='lat' dir='ltr'><strong>VIII</strong></span> <span class='ocrx_word' id='word_1_5' title='bbox 1324 175 1364 207; x_wconf 87' lang='lat' dir='ltr'>et</span> <span class='ocrx_word' id='word_1_6' title='bbox 1386 173 1613 208; x_wconf 82' lang='lat' dir='ltr'>Alexandro</span> <span class='ocrx_word' id='word_1_7' title='bbox 1636 173 1688 207; x_wconf 90' lang='lat' dir='ltr'>VI</span> <span class='ocrx_word' id='word_1_8' title='bbox 2220 177 2257 208; x_wconf 68' lang='lat'>21</span> 
     </span>
    </p>
   </div>
   <div class='ocr_carea' id='block_1_2' title="bbox 12 276 2260 377">
    <p class='ocr_par' dir='ltr' id='par_1_2' title="bbox 12 276 2260 377">
     <span class='ocr_line' id='line_1_2' title="bbox 59 276 2156 323; baseline -0.003 -9"><span class='ocrx_word' id='word_1_9' title='bbox 59 282 92 323; x_wconf 78' lang='lat'>3)</span> <span class='ocrx_word' id='word_1_10' title='bbox 110 280 315 314; x_wconf 65' lang='lat' dir='ltr'>Anwniottus</span> <span class='ocrx_word' id='word_1_11' title='bbox 335 279 555 315; x_wconf 55' lang='lat' dir='ltr'>Pallavicinu&amp;</span> <span class='ocrx_word' id='word_1_12' title='bbox 577 289 626 320; x_wconf 89' lang='lat' dir='ltr'>ep.</span> <span class='ocrx_word' id='word_1_13' title='bbox 650 278 810 309; x_wconf 78' lang='lat' dir='ltr'>Auriensis</span> <span class='ocrx_word' id='word_1_14' title='bbox 835 293 867 303; x_wconf 95' lang='lat'><strong><em>=</em></strong></span> <span class='ocrx_word' id='word_1_15' title='bbox 892 277 943 308; x_wconf 91' lang='lat' dir='ltr'>tit.</span> <span class='ocrx_word' id='word_1_16' title='bbox 966 288 990 308; x_wconf 90' lang='lat' dir='ltr'>s.</span> <span class='ocrx_word' id='word_1_17' title='bbox 1014 277 1211 314; x_wconf 81' lang='lat' dir='ltr'>Anastasiae,</span> <span class='ocrx_word' id='word_1_18' title='bbox 1233 276 1306 307; x_wconf 89' lang='lat' dir='ltr'>dein</span> <span class='ocrx_word' id='word_1_19' title='bbox 1328 286 1352 307; x_wconf 88' lang='lat' dir='ltr'>s.</span> <span class='ocrx_word' id='word_1_20' title='bbox 1377 276 1528 307; x_wconf 87' lang='lat' dir='ltr'>Praxedis</span> <span class='ocrx_word' id='word_1_21' title='bbox 1551 277 1586 315; x_wconf 88' lang='lat' dir='ltr'>(s.</span> <span class='ocrx_word' id='word_1_22' title='bbox 1611 276 1798 307; x_wconf 86' lang='lat' dir='ltr'>Anastasiae</span> <span class='ocrx_word' id='word_1_23' title='bbox 1820 276 1870 307; x_wconf 89' lang='lat' dir='ltr'>vel</span> <span class='ocrx_word' id='word_1_24' title='bbox 1892 287 1915 307; x_wconf 85' lang='lat' dir='ltr'>s.</span> <span class='ocrx_word' id='word_1_25' title='bbox 1940 277 2118 316; x_wconf 85' lang='lat' dir='ltr'>Praxedis);</span> <span class='ocrx_word' id='word_1_26' title='bbox 2132 277 2156 316; x_wconf 89' lang='lat'>1)</span> 
     </span>
     <span class='ocr_line' id='line_1_3' title="bbox 12 329 2260 377; baseline -0.002 -11"><span class='ocrx_word' id='word_1_27' title='bbox 12 341 13 346; x_wconf 62' lang='lat'>¹</span> <span class='ocrx_word' id='word_1_28' title='bbox 30 330 91 377; x_wconf 86' lang='lat'>4)</span> <span class='ocrx_word' id='word_1_29' title='bbox 110 333 251 366; x_wconf 71' lang='lat' dir='ltr'>Andreas</span> <span class='ocrx_word' id='word_1_30' title='bbox 271 333 310 365; x_wconf 78' lang='lat' dir='ltr'>de</span> <span class='ocrx_word' id='word_1_31' title='bbox 333 333 468 369; x_wconf 75' lang='lat' dir='ltr'>spinayo</span> <span class='ocrx_word' id='word_1_32' title='bbox 490 332 687 373; x_wconf 83' lang='lat' dir='ltr'>(d’Epinay),</span> <span class='ocrx_word' id='word_1_33' title='bbox 710 342 779 372; x_wconf 83' lang='lat' dir='ltr'>aep.</span> <span class='ocrx_word' id='word_1_34' title='bbox 803 330 1011 372; x_wconf 86' lang='lat' dir='ltr'>Burdegalen.</span> <span class='ocrx_word' id='word_1_35' title='bbox 1036 331 1080 369; x_wconf 88' lang='lat' dir='ltr'>(et</span> <span class='ocrx_word' id='word_1_36' title='bbox 1102 329 1302 371; x_wconf 88' lang='lat' dir='ltr'>Lugdunen.)</span> <span class='ocrx_word' id='word_1_37' title='bbox 1328 344 1359 354; x_wconf 94' lang='lat'><strong><em>=</em></strong></span> <span class='ocrx_word' id='word_1_38' title='bbox 1385 329 1435 360; x_wconf 85' lang='lat' dir='ltr'>tit.</span> <span class='ocrx_word' id='word_1_39' title='bbox 1456 340 1480 360; x_wconf 90' lang='lat' dir='ltr'>s.</span> <span class='ocrx_word' id='word_1_40' title='bbox 1496 329 1625 360; x_wconf 87' lang='lat' dir='ltr'>Martini</span> <span class='ocrx_word' id='word_1_41' title='bbox 1641 329 1894 370; x_wconf 87' lang='lat' dir='ltr'>(Burdegalensis</span> <span class='ocrx_word' id='word_1_42' title='bbox 1909 340 1964 360; x_wconf 87' lang='lat' dir='ltr'>seu</span> <span class='ocrx_word' id='word_1_43' title='bbox 1978 330 2260 371; x_wconf 87' lang='lat' dir='ltr'>Lugdunensis);²)</span> 
     </span>
    </p>
   </div>
   <div class='ocr_carea' id='block_1_3' title="bbox 0 414 51 670">
    <p class='ocr_par' dir='ltr' id='par_1_3' title="bbox 0 414 51 670">
     <span class='ocr_line' id='line_1_4' title="bbox 0 414 51 670; baseline 0 -219"><span class='ocrx_word' id='word_1_44' title='bbox 0 414 51 670; x_wconf 95' lang='lat' dir='ltr'>  </span> 
     </span>
    </p>
   </div>
   <div class='ocr_carea' id='block_1_4' title="bbox 241 438 497 480">
    <p class='ocr_par' dir='ltr' id='par_1_4' title="bbox 241 438 497 480">
     <span class='ocr_line' id='line_1_5' title="bbox 241 438 497 480; baseline -0.004 -10"><span class='ocrx_word' id='word_1_45' title='bbox 241 439 338 480; x_wconf 88' lang='lat' dir='ltr'>gister</span> <span class='ocrx_word' id='word_1_46' title='bbox 362 438 497 478; x_wconf 85' lang='lat' dir='ltr'>Rhodi)</span> 
     </span>
    </p>
   </div>
   <div class='ocr_carea' id='block_1_5' title="bbox 241 545 426 585">
    <p class='ocr_par' dir='ltr' id='par_1_5' title="bbox 241 545 426 585">
     <span class='ocr_line' id='line_1_6' title="bbox 241 545 426 585; baseline -0.006 -9"><span class='ocrx_word' id='word_1_47' title='bbox 241 545 373 585; x_wconf 85' lang='lat' dir='ltr'>tiarum)</span> <span class='ocrx_word' id='word_1_48' title='bbox 386 545 426 585; x_wconf 80' lang='lat'>³);</span> 
     </span>
    </p>
   </div>
   <div class='ocr_carea' id='block_1_6' title="bbox 0 447 30 799">
    <p class='ocr_par' dir='ltr' id='par_1_6' title="bbox 0 447 30 747">
     <span class='ocr_line' id='line_1_7' title="bbox 1 447 30 462; baseline 0 0"><span class='ocrx_word' id='word_1_49' title='bbox 1 458 4 462; x_wconf 92' lang='lat'>.</span> <span class='ocrx_word' id='word_1_50' title='bbox 11 449 18 458; x_wconf 65' lang='lat' dir='ltr'>f·</span> <span class='ocrx_word' id='word_1_51' title='bbox 23 447 30 454; x_wconf 91' lang='grc'>“·</span> 
     </span>
     <span class='ocr_line' id='line_1_8' title="bbox 4 627 15 641; baseline 0 -3"><span class='ocrx_word' id='word_1_52' title='bbox 4 627 15 641; x_wconf 56' lang='grc' dir='ltr'>ξι</span> 
     </span>
     <span class='ocr_line' id='line_1_9' title="bbox 5 641 22 661; baseline 0 0"><span class='ocrx_word' id='word_1_53' title='bbox 5 641 22 661; x_wconf 61' lang='lat' dir='ltr'>a:</span> 
     </span>
     <span class='ocr_line' id='line_1_10' title="bbox 0 674 16 689; baseline -0.063 -9"><span class='ocrx_word' id='word_1_54' title='bbox 0 674 16 689; x_wconf 51' lang='lat' dir='ltr'>w</span> 
     </span>
     <span class='ocr_line' id='line_1_11' title="bbox 0 723 29 730; baseline -0.034 0"><span class='ocrx_word' id='word_1_55' title='bbox 0 723 15 730; x_wconf 48' lang='grc'>1</span> <span class='ocrx_word' id='word_1_56' title='bbox 21 723 29 729; x_wconf 76' lang='grc'>.,</span> 
     </span>
     <span class='ocr_line' id='line_1_12' title="bbox 0 733 16 747; baseline 0 0"><span class='ocrx_word' id='word_1_57' title='bbox 0 733 16 747; x_wconf 58' lang='lat'>&#39;9</span> 
     </span>
    </p>

    <p class='ocr_par' dir='ltr' id='par_1_7' title="bbox 2 792 5 799">
     <span class='ocr_line' id='line_1_13' title="bbox 2 792 5 799; baseline 0 0"><span class='ocrx_word' id='word_1_58' title='bbox 2 792 5 799; x_wconf 73' lang='lat'>.</span> 
     </span>
    </p>
   </div>
   <div class='ocr_carea' id='block_1_7' title="bbox 23 382 2261 530">
    <p class='ocr_par' dir='ltr' id='par_1_8' title="bbox 23 382 2261 534">
     <span class='ocr_line' id='line_1_14' title="bbox 23 382 2261 428; baseline -0.002 -10"><span class='ocrx_word' id='word_1_59' title='bbox 23 383 93 428; x_wconf 56' lang='grc'>.”’-“”’.5)</span> <span class='ocrx_word' id='word_1_60' title='bbox 110 386 221 419; x_wconf 64' lang='lat' dir='ltr'>Petrus</span> <span class='ocrx_word' id='word_1_61' title='bbox 238 385 449 421; x_wconf 81' lang='lat' dir='ltr'>d&#39;Aubusson,</span> <span class='ocrx_word' id='word_1_62' title='bbox 468 395 602 426; x_wconf 85' lang='lat' dir='ltr'>magnus</span> <span class='ocrx_word' id='word_1_63' title='bbox 621 384 772 425; x_wconf 83' lang='lat' dir='ltr'>magister</span> <span class='ocrx_word' id='word_1_64' title='bbox 789 383 934 425; x_wconf 89' lang='lat' dir='ltr'>equitum</span> <span class='ocrx_word' id='word_1_65' title='bbox 953 382 1172 414; x_wconf 82' lang='lat' dir='ltr'>Rhodensium</span> <span class='ocrx_word' id='word_1_66' title='bbox 1192 382 1242 422; x_wconf 91' lang='grc' dir='ltr'>(Ο.</span> <span class='ocrx_word' id='word_1_67' title='bbox 1262 382 1351 423; x_wconf 84' lang='lat' dir='ltr'>hosp.</span> <span class='ocrx_word' id='word_1_68' title='bbox 1373 393 1396 413; x_wconf 92' lang='lat' dir='ltr'>s.</span> <span class='ocrx_word' id='word_1_69' title='bbox 1420 382 1493 413; x_wconf 88' lang='lat' dir='ltr'>Joh.</span> <span class='ocrx_word' id='word_1_70' title='bbox 1514 382 1651 421; x_wconf 86' lang='lat' dir='ltr'>Hieros.)</span> <span class='ocrx_word' id='word_1_71' title='bbox 1677 397 1708 407; x_wconf 91' lang='lat'><strong><em>=</em></strong></span> <span class='ocrx_word' id='word_1_72' title='bbox 1734 393 1757 413; x_wconf 82' lang='lat' dir='ltr'>S.</span> <span class='ocrx_word' id='word_1_73' title='bbox 1779 382 1909 413; x_wconf 88' lang='lat' dir='ltr'>Adriani</span> <span class='ocrx_word' id='word_1_74' title='bbox 1929 383 2008 414; x_wconf 88' lang='lat' dir='ltr'>diac.</span> <span class='ocrx_word' id='word_1_75' title='bbox 2031 385 2176 424; x_wconf 87' lang='lat' dir='ltr'>(magnus</span> <span class='ocrx_word' id='word_1_76' title='bbox 2196 394 2261 414; x_wconf 86' lang='lat' dir='ltr'>ma-</span> 
     </span>
     <span class='ocr_line' id='line_1_15' title="bbox 34 436 1213 481; baseline -0.003 -12"><span class='ocrx_word' id='word_1_77' title='bbox 34 460 61 481; x_wconf 27' lang='grc' dir='ltr'>Δ,</span> <span class='ocrx_word' id='word_1_78' title='bbox 523 438 543 478; x_wconf 91' lang='lat'><strong>†</strong></span> <span class='ocrx_word' id='word_1_79' title='bbox 569 438 646 469; x_wconf 89' lang='lat'>1503</span> <span class='ocrx_word' id='word_1_80' title='bbox 674 437 738 469; x_wconf 75' lang='lat' dir='ltr'>Jul.</span> <span class='ocrx_word' id='word_1_81' title='bbox 764 438 797 474; x_wconf 88' lang='lat'>3,</span> <span class='ocrx_word' id='word_1_82' title='bbox 835 437 890 468; x_wconf 80' lang='lat' dir='ltr'>cfr.</span> <span class='ocrx_word' id='word_1_83' title='bbox 917 436 999 477; x_wconf 92' lang='lat' dir='ltr'><strong>App.</strong></span> <span class='ocrx_word' id='word_1_84' title='bbox 1026 436 1041 466; x_wconf 94' lang='grc' dir='ltr'>Ι</span> <span class='ocrx_word' id='word_1_85' title='bbox 1067 447 1113 467; x_wconf 92' lang='lat' dir='ltr'>nr.</span> <span class='ocrx_word' id='word_1_86' title='bbox 1140 437 1213 473; x_wconf 87' lang='lat'>658;</span> 
     </span>
     <span class='ocr_line' id='line_1_16' title="bbox 113 464 1123 530; baseline -0.005 -5.486"><span class='ocrx_word' id='word_1_87' title='bbox 113 492 270 524; x_wconf 65' lang='lat' dir='ltr'>mus</span> <span class='ocrx_word' id='word_1_88' title='bbox 300 492 338 524; x_wconf 75' lang='lat' dir='ltr'>de</span> <span class='ocrx_word' id='word_1_89' title='bbox 371 464 515 524; x_wconf 71' lang='lat' dir='ltr'>Gerardis</span> <span class='ocrx_word' id='word_1_90' title='bbox 546 491 583 522; x_wconf 91' lang='lat' dir='ltr'>O.</span> <span class='ocrx_word' id='word_1_91' title='bbox 616 490 768 527; x_wconf 65' lang='lat' dir='ltr'>Camald„</span> <span class='ocrx_word' id='word_1_92' title='bbox 800 493 883 530; x_wconf 88' lang='lat' dir='ltr'>patr.</span> <span class='ocrx_word' id='word_1_93' title='bbox 915 489 1123 520; x_wconf 87' lang='lat' dir='ltr'>Venetiarum</span> 
     </span>
    </p>
   </div>
   <div class='ocr_carea' id='block_1_8' title="bbox 1229 488 2261 529">
    <p class='ocr_par' dir='ltr' id='par_1_9' title="bbox 1229 488 2261 529">
     <span class='ocr_line' id='line_1_17' title="bbox 1229 488 2261 529; baseline 0.001 -10"><span class='ocrx_word' id='word_1_94' title='bbox 1229 489 1280 519; x_wconf 88' lang='lat' dir='ltr'>tit.</span> <span class='ocrx_word' id='word_1_95' title='bbox 1309 499 1349 519; x_wconf 86' lang='lat' dir='ltr'>ss.</span> <span class='ocrx_word' id='word_1_96' title='bbox 1381 488 1479 529; x_wconf 82' lang='lat' dir='ltr'>Sergii</span> <span class='ocrx_word' id='word_1_97' title='bbox 1508 492 1540 519; x_wconf 90' lang='lat' dir='ltr'>et</span> <span class='ocrx_word' id='word_1_98' title='bbox 1569 488 1685 519; x_wconf 86' lang='lat' dir='ltr'>Bacchi</span> <span class='ocrx_word' id='word_1_99' title='bbox 1715 488 1753 519; x_wconf 87' lang='lat' dir='ltr'>al.</span> <span class='ocrx_word' id='word_1_100' title='bbox 1784 499 1824 519; x_wconf 88' lang='lat' dir='ltr'>ss.</span> <span class='ocrx_word' id='word_1_101' title='bbox 1853 489 1945 519; x_wconf 91' lang='lat' dir='ltr'>Nerei</span> <span class='ocrx_word' id='word_1_102' title='bbox 1980 493 2012 519; x_wconf 87' lang='lat' dir='ltr'>et</span> <span class='ocrx_word' id='word_1_103' title='bbox 2041 489 2117 520; x_wconf 88' lang='lat' dir='ltr'>Ach.</span> <span class='ocrx_word' id='word_1_104' title='bbox 2149 489 2261 528; x_wconf 90' lang='lat' dir='ltr'>(Vene-</span> 
     </span>
    </p>
   </div>
   <div class='ocr_carea' id='block_1_9' title="bbox 11 582 2262 744">
    <p class='ocr_par' dir='ltr' id='par_1_10' title="bbox 11 582 2262 744">
     <span class='ocr_line' id='line_1_18' title="bbox 24 582 2204 638; baseline -0.003 -7"><span class='ocrx_word' id='word_1_105' title='bbox 24 582 47 612; x_wconf 32' lang='lat'>&#39;¹³</span> <span class='ocrx_word' id='word_1_106' title='bbox 57 596 90 638; x_wconf 85' lang='grc'>7)</span> <span class='ocrx_word' id='word_1_107' title='bbox 113 598 252 630; x_wconf 66' lang='lat' dir='ltr'>Ioannes</span> <span class='ocrx_word' id='word_1_108' title='bbox 271 598 310 630; x_wconf 85' lang='lat' dir='ltr'>de</span> <span class='ocrx_word' id='word_1_109' title='bbox 329 598 467 633; x_wconf 76' lang='lat' dir='ltr'>Medicis,</span> <span class='ocrx_word' id='word_1_110' title='bbox 489 600 648 638; x_wconf 89' lang='lat' dir='ltr'>protonot.</span> <span class='ocrx_word' id='word_1_111' title='bbox 671 599 773 637; x_wconf 81' lang='lat' dir='ltr'><strong>apost.</strong></span> <span class='ocrx_word' id='word_1_112' title='bbox 799 610 831 621; x_wconf 90' lang='lat'><strong><em>=</em></strong></span> <span class='ocrx_word' id='word_1_113' title='bbox 856 594 886 626; x_wconf 90' lang='lat' dir='ltr'>b.</span> <span class='ocrx_word' id='word_1_114' title='bbox 909 595 1026 625; x_wconf 88' lang='lat' dir='ltr'>Mariae</span> <span class='ocrx_word' id='word_1_115' title='bbox 1047 595 1078 625; x_wconf 92' lang='lat' dir='ltr'>in</span> <span class='ocrx_word' id='word_1_116' title='bbox 1100 594 1256 626; x_wconf 85' lang='lat' dir='ltr'>Domnica</span> <span class='ocrx_word' id='word_1_117' title='bbox 1278 594 1329 634; x_wconf 91' lang='lat' dir='ltr'>(de</span> <span class='ocrx_word' id='word_1_118' title='bbox 1349 594 1478 625; x_wconf 86' lang='lat' dir='ltr'>Medicis</span> <span class='ocrx_word' id='word_1_119' title='bbox 1499 605 1554 625; x_wconf 90' lang='lat' dir='ltr'>seu</span> <span class='ocrx_word' id='word_1_120' title='bbox 1574 594 1738 633; x_wconf 88' lang='lat' dir='ltr'>Medices);</span> <span class='ocrx_word' id='word_1_121' title='bbox 1761 594 1799 625; x_wconf 78' lang='lat' dir='ltr'>fit</span> <span class='ocrx_word' id='word_1_122' title='bbox 1823 594 1852 625; x_wconf 91' lang='lat' dir='ltr'>S.</span> <span class='ocrx_word' id='word_1_123' title='bbox 1876 595 1910 625; x_wconf 91' lang='lat' dir='ltr'>P.</span> <span class='ocrx_word' id='word_1_124' title='bbox 1932 595 1995 625; x_wconf 87' lang='lat' dir='ltr'>Leo</span> <span class='ocrx_word' id='word_1_125' title='bbox 2018 595 2049 626; x_wconf 91' lang='lat' dir='ltr'>X</span> <span class='ocrx_word' id='word_1_126' title='bbox 2075 597 2166 632; x_wconf 78' lang='lat'>15133</span> <span class='ocrx_word' id='word_1_127' title='bbox 2179 595 2204 635; x_wconf 76' lang='lat'>4)</span> 
     </span>
     <span class='ocr_line' id='line_1_19' title="bbox 11 647 2262 692; baseline -0.003 -8"><span class='ocrx_word' id='word_1_128' title='bbox 11 665 33 691; x_wconf 45' lang='grc' dir='ltr'>ἡ.</span> <span class='ocrx_word' id='word_1_129' title='bbox 57 651 91 692; x_wconf 86' lang='grc'>8)</span> <span class='ocrx_word' id='word_1_130' title='bbox 111 651 276 684; x_wconf 74' lang='lat' dir='ltr'>Fodericus</span> <span class='ocrx_word' id='word_1_131' title='bbox 290 651 328 683; x_wconf 82' lang='lat' dir='ltr'>de</span> <span class='ocrx_word' id='word_1_132' title='bbox 342 660 368 683; x_wconf 86' lang='lat' dir='ltr'>s.</span> <span class='ocrx_word' id='word_1_133' title='bbox 386 651 541 686; x_wconf 80' lang='lat' dir='ltr'>severino,</span> <span class='ocrx_word' id='word_1_134' title='bbox 558 653 717 691; x_wconf 88' lang='lat' dir='ltr'>protonot.</span> <span class='ocrx_word' id='word_1_135' title='bbox 735 652 837 689; x_wconf 86' lang='lat' dir='ltr'>apost.</span> <span class='ocrx_word' id='word_1_136' title='bbox 863 663 895 673; x_wconf 93' lang='lat'><strong><em>=</em></strong></span> <span class='ocrx_word' id='word_1_137' title='bbox 921 658 944 679; x_wconf 92' lang='lat' dir='ltr'>s.</span> <span class='ocrx_word' id='word_1_138' title='bbox 962 647 1117 678; x_wconf 87' lang='lat' dir='ltr'>Theodori</span> <span class='ocrx_word' id='word_1_139' title='bbox 1132 648 1212 678; x_wconf 87' lang='lat' dir='ltr'>diac.</span> <span class='ocrx_word' id='word_1_140' title='bbox 1231 649 1267 687; x_wconf 91' lang='lat' dir='ltr'>(s.</span> <span class='ocrx_word' id='word_1_141' title='bbox 1287 647 1427 678; x_wconf 82' lang='lat' dir='ltr'>Severini</span> <span class='ocrx_word' id='word_1_142' title='bbox 1442 658 1497 678; x_wconf 89' lang='lat' dir='ltr'>seu</span> <span class='ocrx_word' id='word_1_143' title='bbox 1515 647 1764 686; x_wconf 89' lang='lat' dir='ltr'>Sanseverinus),</span> <span class='ocrx_word' id='word_1_144' title='bbox 1781 658 1799 678; x_wconf 84' lang='lat' dir='ltr'>a</span> <span class='ocrx_word' id='word_1_145' title='bbox 1817 648 1837 679; x_wconf 83' lang='lat' dir='ltr'><strong>J</strong></span> <span class='ocrx_word' id='word_1_146' title='bbox 1840 648 1903 678; x_wconf 92' lang='lat' dir='ltr'>ulio</span> <span class='ocrx_word' id='word_1_147' title='bbox 1919 648 1951 678; x_wconf 95' lang='grc' dir='ltr'>ΙΙ</span> <span class='ocrx_word' id='word_1_148' title='bbox 1970 648 2059 689; x_wconf 63' lang='lat' dir='ltr'>priv„</span> <span class='ocrx_word' id='word_1_149' title='bbox 2077 659 2095 678; x_wconf 87' lang='lat' dir='ltr'>a</span> <span class='ocrx_word' id='word_1_150' title='bbox 2111 648 2214 679; x_wconf 81' lang='lat' dir='ltr'>Leone</span> <span class='ocrx_word' id='word_1_151' title='bbox 2230 649 2262 679; x_wconf 95' lang='lat' dir='ltr'>X</span> 
     </span>
     <span class='ocr_line' id='line_1_20' title="bbox 241 700 1114 744; baseline -0.006 -9"><span class='ocrx_word' id='word_1_152' title='bbox 241 704 354 741; x_wconf 69' lang='lat' dir='ltr'>restit„</span> <span class='ocrx_word' id='word_1_153' title='bbox 382 707 459 735; x_wconf 87' lang='lat' dir='ltr'>tunc</span> <span class='ocrx_word' id='word_1_154' title='bbox 485 714 509 734; x_wconf 90' lang='lat' dir='ltr'>s.</span> <span class='ocrx_word' id='word_1_155' title='bbox 537 702 648 744; x_wconf 88' lang='lat' dir='ltr'>Angeli</span> <span class='ocrx_word' id='word_1_156' title='bbox 674 701 771 738; x_wconf 85' lang='lat' dir='ltr'>diac.;</span> <span class='ocrx_word' id='word_1_157' title='bbox 799 701 818 741; x_wconf 84' lang='lat'>†</span> <span class='ocrx_word' id='word_1_158' title='bbox 847 702 923 731; x_wconf 85' lang='lat'>1516</span> <span class='ocrx_word' id='word_1_159' title='bbox 950 701 1029 741; x_wconf 88' lang='lat' dir='ltr'>Aug.</span> <span class='ocrx_word' id='word_1_160' title='bbox 1059 700 1114 739; x_wconf 90' lang='lat'>7.⁵)</span> 
     </span>
    </p>
   </div>
   <div class='ocr_carea' id='block_1_10' title="bbox 39 782 1365 893">
    <p class='ocr_par' dir='ltr' id='par_1_11' title="bbox 39 782 1365 893">
     <span class='ocr_line' id='line_1_21' title="bbox 929 782 1365 826; baseline 0 -9"><span class='ocrx_word' id='word_1_161' title='bbox 929 783 999 818; x_wconf 77' lang='lat' dir='ltr'>tx.</span> <span class='ocrx_word' id='word_1_162' title='bbox 1035 782 1271 817; x_wconf 78' lang='lat' dir='ltr'>Alexander</span> <span class='ocrx_word' id='word_1_163' title='bbox 1293 783 1365 826; x_wconf 82' lang='lat' dir='ltr'>VI,</span> 
     </span>
     <span class='ocr_line' id='line_1_22' title="bbox 39 850 1214 893; baseline -0.004 -7"><span class='ocrx_word' id='word_1_164' title='bbox 39 857 136 886; x_wconf 70' lang='lat' dir='ltr'>antea</span> <span class='ocrx_word' id='word_1_165' title='bbox 150 853 325 885; x_wconf 90' lang='lat' dir='ltr'>Rodericus</span> <span class='ocrx_word' id='word_1_166' title='bbox 338 853 378 884; x_wconf 92' lang='lat' dir='ltr'>de</span> <span class='ocrx_word' id='word_1_167' title='bbox 392 851 621 893; x_wconf 82' lang='lat' dir='ltr'>Lanzol-Borja</span> <span class='ocrx_word' id='word_1_168' title='bbox 636 850 820 890; x_wconf 84' lang='lat' dir='ltr'>(Lenzuelli-</span> <span class='ocrx_word' id='word_1_169' title='bbox 836 850 973 891; x_wconf 84' lang='lat' dir='ltr'>Borgia),</span> <span class='ocrx_word' id='word_1_170' title='bbox 989 861 1037 891; x_wconf 90' lang='lat' dir='ltr'>ep.</span> <span class='ocrx_word' id='word_1_171' title='bbox 1054 851 1214 887; x_wconf 90' lang='lat' dir='ltr'>Portuen.,</span> 
     </span>
    </p>
   </div>
   <div class='ocr_carea' id='block_1_11' title="bbox 1232 850 2262 893">
    <p class='ocr_par' dir='ltr' id='par_1_12' title="bbox 1232 850 2262 893">
     <span class='ocr_line' id='line_1_23' title="bbox 1232 850 2262 893; baseline 0.001 -12"><span class='ocrx_word' id='word_1_172' title='bbox 1232 850 1554 887; x_wconf 86' lang='lat' dir='ltr'>„Vicecancellarius“</span> <span class='ocrx_word' id='word_1_173' title='bbox 1570 855 1783 892; x_wconf 86' lang='lat' dir='ltr'>nuncupatus,</span> <span class='ocrx_word' id='word_1_174' title='bbox 1799 862 1896 892; x_wconf 90' lang='lat' dir='ltr'>nepos</span> <span class='ocrx_word' id='word_1_175' title='bbox 1910 851 2023 882; x_wconf 86' lang='lat' dir='ltr'>Calixti</span> <span class='ocrx_word' id='word_1_176' title='bbox 2041 852 2091 882; x_wconf 90' lang='lat' dir='ltr'>III</span> <span class='ocrx_word' id='word_1_177' title='bbox 2108 853 2151 891; x_wconf 93' lang='lat' dir='ltr'>(v.</span> <span class='ocrx_word' id='word_1_178' title='bbox 2167 863 2262 893; x_wconf 87' lang='lat' dir='ltr'>supra</span> 
     </span>
    </p>
   </div>
   <div class='ocr_carea' id='block_1_12' title="bbox 174 903 2099 946">
    <p class='ocr_par' dir='ltr' id='par_1_13' title="bbox 174 903 2099 946">
     <span class='ocr_line' id='line_1_24' title="bbox 174 903 2099 946; baseline -0.002 -8"><span class='ocrx_word' id='word_1_179' title='bbox 174 906 230 944; x_wconf 91' lang='lat' dir='ltr'>IV,</span> <span class='ocrx_word' id='word_1_180' title='bbox 249 908 292 946; x_wconf 90' lang='lat'>3),</span> <span class='ocrx_word' id='word_1_181' title='bbox 311 906 428 937; x_wconf 87' lang='lat' dir='ltr'>electus</span> <span class='ocrx_word' id='word_1_182' title='bbox 448 905 582 945; x_wconf 85' lang='lat' dir='ltr'>(Romae</span> <span class='ocrx_word' id='word_1_183' title='bbox 599 904 631 935; x_wconf 91' lang='lat' dir='ltr'>in</span> <span class='ocrx_word' id='word_1_184' title='bbox 650 903 770 945; x_wconf 84' lang='lat' dir='ltr'>palatio</span> <span class='ocrx_word' id='word_1_185' title='bbox 789 903 957 942; x_wconf 88' lang='lat' dir='ltr'>Vaticano)</span> <span class='ocrx_word' id='word_1_186' title='bbox 976 903 1027 934; x_wconf 89' lang='lat' dir='ltr'>die</span> <span class='ocrx_word' id='word_1_187' title='bbox 1048 905 1082 934; x_wconf 93' lang='grc'>11</span> <span class='ocrx_word' id='word_1_188' title='bbox 1103 907 1135 934; x_wconf 90' lang='lat' dir='ltr'>et</span> <span class='ocrx_word' id='word_1_189' title='bbox 1154 908 1323 934; x_wconf 90' lang='lat' dir='ltr'>coronatus</span> <span class='ocrx_word' id='word_1_190' title='bbox 1342 904 1392 934; x_wconf 90' lang='lat' dir='ltr'>die</span> <span class='ocrx_word' id='word_1_191' title='bbox 1411 905 1449 934; x_wconf 89' lang='grc'>26</span> <span class='ocrx_word' id='word_1_192' title='bbox 1469 904 1548 944; x_wconf 84' lang='lat' dir='ltr'>Aug.</span> <span class='ocrx_word' id='word_1_193' title='bbox 1570 915 1598 935; x_wconf 88' lang='lat' dir='ltr'>a.</span> <span class='ocrx_word' id='word_1_194' title='bbox 1621 905 1707 941; x_wconf 86' lang='lat'>1492,</span> <span class='ocrx_word' id='word_1_195' title='bbox 1727 904 1807 935; x_wconf 88' lang='lat' dir='ltr'>obiit</span> <span class='ocrx_word' id='word_1_196' title='bbox 1828 905 1904 935; x_wconf 85' lang='lat'>1503</span> <span class='ocrx_word' id='word_1_197' title='bbox 1923 904 2002 945; x_wconf 87' lang='lat' dir='ltr'>Aug.</span> <span class='ocrx_word' id='word_1_198' title='bbox 2026 905 2099 943; x_wconf 76' lang='lat'>18⁶)</span> 
     </span>
    </p>
   </div>
   <div class='ocr_carea' id='block_1_13' title="bbox 63 980 1899 1157">
    <p class='ocr_par' dir='ltr' id='par_1_14' title="bbox 63 980 1899 1157">
     <span class='ocr_line' id='line_1_25' title="bbox 791 980 1516 1026; baseline 0.003 -11"><span class='ocrx_word' id='word_1_199' title='bbox 791 980 826 1018; x_wconf 80' lang='lat' dir='ltr'>S.</span> <span class='ocrx_word' id='word_1_200' title='bbox 853 981 897 1016; x_wconf 84' lang='lat' dir='ltr'>R.</span> <span class='ocrx_word' id='word_1_201' title='bbox 926 981 969 1015; x_wconf 84' lang='lat' dir='ltr'>E.</span> <span class='ocrx_word' id='word_1_202' title='bbox 1000 981 1192 1016; x_wconf 78' lang='lat' dir='ltr'>cardinales</span> <span class='ocrx_word' id='word_1_203' title='bbox 1219 980 1260 1015; x_wconf 88' lang='lat' dir='ltr'>ab</span> <span class='ocrx_word' id='word_1_204' title='bbox 1288 982 1362 1026; x_wconf 77' lang='lat' dir='ltr'>ipso</span> <span class='ocrx_word' id='word_1_205' title='bbox 1390 983 1516 1017; x_wconf 74' lang='lat' dir='ltr'>creati.-</span> 
     </span>
     <span class='ocr_line' id='line_1_26' title="bbox 547 1053 1754 1094; baseline 0.001 -10"><span class='ocrx_word' id='word_1_206' title='bbox 547 1055 578 1093; x_wconf 88' lang='lat' dir='ltr'>a)</span> <span class='ocrx_word' id='word_1_207' title='bbox 601 1053 636 1084; x_wconf 77' lang='lat' dir='ltr'>in</span> <span class='ocrx_word' id='word_1_208' title='bbox 656 1054 759 1094; x_wconf 72' lang='lat' dir='ltr'>prima</span> <span class='ocrx_word' id='word_1_209' title='bbox 779 1054 966 1094; x_wconf 77' lang='lat' dir='ltr'>promotione</span> <span class='ocrx_word' id='word_1_210' title='bbox 986 1053 1026 1083; x_wconf 85' lang='lat'>31</span> <span class='ocrx_word' id='word_1_211' title='bbox 1047 1053 1127 1093; x_wconf 75' lang='lat' dir='ltr'>Auq.</span> <span class='ocrx_word' id='word_1_212' title='bbox 1150 1053 1231 1084; x_wconf 80' lang='grc'>1492</span> <span class='ocrx_word' id='word_1_213' title='bbox 1251 1053 1354 1084; x_wconf 69' lang='lat' dir='ltr'>habita</span> <span class='ocrx_word' id='word_1_214' title='bbox 1377 1053 1555 1093; x_wconf 57' lang='lat' dir='ltr'>(Ciam-Old.</span> <span class='ocrx_word' id='word_1_215' title='bbox 1578 1054 1648 1091; x_wconf 88' lang='grc' dir='ltr'>ΙΙΙ,</span> <span class='ocrx_word' id='word_1_216' title='bbox 1671 1054 1754 1094; x_wconf 85' lang='grc'>167).’</span> 
     </span>
     <span class='ocr_line' id='line_1_27' title="bbox 63 1115 1899 1157; baseline -0.001 -8"><span class='ocrx_word' id='word_1_217' title='bbox 63 1118 94 1157; x_wconf 94' lang='lat'>1)</span> <span class='ocrx_word' id='word_1_218' title='bbox 117 1117 255 1149; x_wconf 65' lang='lat' dir='ltr'>Ioannes</span> <span class='ocrx_word' id='word_1_219' title='bbox 275 1116 380 1151; x_wconf 76' lang='lat' dir='ltr'>Beria,</span> <span class='ocrx_word' id='word_1_220' title='bbox 402 1126 510 1156; x_wconf 88' lang='lat' dir='ltr'>nepos,</span> <span class='ocrx_word' id='word_1_221' title='bbox 533 1115 570 1146; x_wconf 90' lang='lat' dir='ltr'>el.</span> <span class='ocrx_word' id='word_1_222' title='bbox 593 1126 662 1156; x_wconf 88' lang='lat' dir='ltr'>aep.</span> <span class='ocrx_word' id='word_1_223' title='bbox 685 1115 941 1155; x_wconf 58' lang='lat' dir='ltr'>Montisregaliffl)</span> <span class='ocrx_word' id='word_1_224' title='bbox 967 1130 998 1140; x_wconf 93' lang='lat'><strong><em>=</em></strong></span> <span class='ocrx_word' id='word_1_225' title='bbox 1025 1116 1075 1146; x_wconf 88' lang='lat' dir='ltr'>tit.</span> <span class='ocrx_word' id='word_1_226' title='bbox 1098 1125 1121 1146; x_wconf 89' lang='lat' dir='ltr'>s.</span> <span class='ocrx_word' id='word_1_227' title='bbox 1148 1115 1310 1146; x_wconf 85' lang='lat' dir='ltr'>Susannae</span> <span class='ocrx_word' id='word_1_228' title='bbox 1333 1115 1599 1157; x_wconf 83' lang='lat' dir='ltr'>(Montisregalis),</span> <span class='ocrx_word' id='word_1_229' title='bbox 1622 1116 1641 1155; x_wconf 89' lang='lat'>†</span> <span class='ocrx_word' id='word_1_230' title='bbox 1665 1117 1741 1147; x_wconf 86' lang='lat'>1503</span> <span class='ocrx_word' id='word_1_231' title='bbox 1764 1116 1843 1157; x_wconf 85' lang='lat' dir='ltr'>Aug.</span> <span class='ocrx_word' id='word_1_232' title='bbox 1869 1118 1899 1153; x_wconf 90' lang='lat'>1;</span> 
     </span>
    </p>
   </div>
   <div class='ocr_carea' id='block_1_14' title="bbox 36 1229 1099 1925">
    <p class='ocr_par' dir='ltr' id='par_1_15' title="bbox 36 1229 1099 1925">
     <span class='ocr_line' id='line_1_28' title="bbox 113 1229 1095 1264; baseline -0.002 -7"><span class='ocrx_word' id='word_1_233' title='bbox 113 1230 134 1264; x_wconf 84' lang='lat'>¹)</span> <span class='ocrx_word' id='word_1_234' title='bbox 153 1230 200 1257; x_wconf 71' lang='lat' dir='ltr'>Fit</span> <span class='ocrx_word' id='word_1_235' title='bbox 222 1238 264 1264; x_wconf 89' lang='lat' dir='ltr'>ep.</span> <span class='ocrx_word' id='word_1_236' title='bbox 286 1229 431 1255; x_wconf 82' lang='lat' dir='ltr'>Tusculan.</span> <span class='ocrx_word' id='word_1_237' title='bbox 460 1230 527 1256; x_wconf 89' lang='grc'>1503</span> <span class='ocrx_word' id='word_1_238' title='bbox 545 1229 611 1263; x_wconf 90' lang='lat' dir='ltr'>Apr.</span> <span class='ocrx_word' id='word_1_239' title='bbox 638 1230 670 1255; x_wconf 93' lang='lat'>10</span> <span class='ocrx_word' id='word_1_240' title='bbox 682 1232 711 1255; x_wconf 88' lang='lat' dir='ltr'>et</span> <span class='ocrx_word' id='word_1_241' title='bbox 727 1229 882 1255; x_wconf 88' lang='lat' dir='ltr'>commend.</span> <span class='ocrx_word' id='word_1_242' title='bbox 902 1230 945 1255; x_wconf 88' lang='lat' dir='ltr'>tit.</span> <span class='ocrx_word' id='word_1_243' title='bbox 963 1238 983 1255; x_wconf 86' lang='grc'>8.</span> <span class='ocrx_word' id='word_1_244' title='bbox 1000 1229 1095 1263; x_wconf 89' lang='lat' dir='ltr'>Steph.</span> 
     </span>
     <span class='ocr_line' id='line_1_29' title="bbox 45 1274 1096 1308; baseline -0.003 -6"><span class='ocrx_word' id='word_1_245' title='bbox 45 1274 180 1302; x_wconf 66' lang='lat' dir='ltr'>1504&#39;Ju1.</span> <span class='ocrx_word' id='word_1_246' title='bbox 195 1275 224 1305; x_wconf 80' lang='lat'>1;</span> <span class='ocrx_word' id='word_1_247' title='bbox 240 1274 256 1307; x_wconf 88' lang='lat'><strong>†</strong></span> <span class='ocrx_word' id='word_1_248' title='bbox 270 1275 337 1301; x_wconf 88' lang='grc'>1507</span> <span class='ocrx_word' id='word_1_249' title='bbox 352 1274 426 1308; x_wconf 88' lang='lat' dir='ltr'>Sept.</span> <span class='ocrx_word' id='word_1_250' title='bbox 443 1274 483 1300; x_wconf 90' lang='lat'>10.</span> <span class='ocrx_word' id='word_1_251' title='bbox 510 1274 640 1300; x_wconf 87' lang='lat' dir='ltr'>Obtinuit</span> <span class='ocrx_word' id='word_1_252' title='bbox 653 1274 681 1299; x_wconf 90' lang='lat' dir='ltr'>in</span> <span class='ocrx_word' id='word_1_253' title='bbox 694 1282 792 1299; x_wconf 90' lang='lat' dir='ltr'>comm.</span> <span class='ocrx_word' id='word_1_254' title='bbox 807 1282 880 1299; x_wconf 92' lang='lat' dir='ltr'>mon.</span> <span class='ocrx_word' id='word_1_255' title='bbox 895 1283 915 1299; x_wconf 91' lang='lat' dir='ltr'>s.</span> <span class='ocrx_word' id='word_1_256' title='bbox 930 1274 1031 1300; x_wconf 90' lang='lat' dir='ltr'>Melani</span> <span class='ocrx_word' id='word_1_257' title='bbox 1045 1274 1096 1299; x_wconf 82' lang='lat' dir='ltr'>Re-</span> 
     </span>
     <span class='ocr_line' id='line_1_30' title="bbox 41 1318 1096 1352; baseline -0.003 -6"><span class='ocrx_word' id='word_1_258' title='bbox 41 1318 141 1346; x_wconf 75' lang='lat' dir='ltr'>donen.</span> <span class='ocrx_word' id='word_1_259' title='bbox 153 1318 324 1351; x_wconf 66' lang='lat' dir='ltr'>(nemnem.</span> <span class='ocrx_word' id='word_1_260' title='bbox 333 1318 359 1344; x_wconf 88' lang='lat' dir='ltr'>S.</span> <span class='ocrx_word' id='word_1_261' title='bbox 367 1318 399 1344; x_wconf 87' lang='lat' dir='ltr'>B.</span> <span class='ocrx_word' id='word_1_262' title='bbox 410 1327 459 1352; x_wconf 91' lang='lat' dir='ltr'>per</span> <span class='ocrx_word' id='word_1_263' title='bbox 468 1318 512 1344; x_wconf 93' lang='lat' dir='ltr'>ob.</span> <span class='ocrx_word' id='word_1_264' title='bbox 524 1318 599 1344; x_wconf 90' lang='lat' dir='ltr'>Petri</span> <span class='ocrx_word' id='word_1_265' title='bbox 609 1318 682 1343; x_wconf 89' lang='lat' dir='ltr'>card.</span> <span class='ocrx_word' id='word_1_266' title='bbox 694 1318 729 1343; x_wconf 90' lang='lat' dir='ltr'>de</span> <span class='ocrx_word' id='word_1_267' title='bbox 737 1318 816 1343; x_wconf 85' lang='lat' dir='ltr'>Fuxo</span> <span class='ocrx_word' id='word_1_268' title='bbox 826 1326 885 1343; x_wconf 90' lang='lat' dir='ltr'>vac.</span> <span class='ocrx_word' id='word_1_269' title='bbox 898 1319 931 1344; x_wconf 87' lang='grc'>29</span> <span class='ocrx_word' id='word_1_270' title='bbox 938 1318 1006 1351; x_wconf 88' lang='lat' dir='ltr'>Aug.</span> <span class='ocrx_word' id='word_1_271' title='bbox 1020 1319 1096 1348; x_wconf 84' lang='lat'>1490,</span> 
     </span>
     <span class='ocr_line' id='line_1_31' title="bbox 41 1362 1096 1398; baseline -0.003 -8"><span class='ocrx_word' id='word_1_272' title='bbox 41 1362 119 1398; x_wconf 82' lang='lat' dir='ltr'>quod</span> <span class='ocrx_word' id='word_1_273' title='bbox 130 1363 279 1397; x_wconf 76' lang='lat' dir='ltr'>resignavit</span> <span class='ocrx_word' id='word_1_274' title='bbox 292 1363 324 1388; x_wconf 89' lang='lat'>31</span> <span class='ocrx_word' id='word_1_275' title='bbox 340 1362 410 1396; x_wconf 84' lang='lat' dir='ltr'>Aug.</span> <span class='ocrx_word' id='word_1_276' title='bbox 427 1362 507 1393; x_wconf 86' lang='lat'>1497;</span> <span class='ocrx_word' id='word_1_277' title='bbox 522 1363 672 1396; x_wconf 85' lang='lat' dir='ltr'>resignavit</span> <span class='ocrx_word' id='word_1_278' title='bbox 686 1370 796 1396; x_wconf 89' lang='lat' dir='ltr'>quoque</span> <span class='ocrx_word' id='word_1_279' title='bbox 811 1363 844 1388; x_wconf 88' lang='lat'>20</span> <span class='ocrx_word' id='word_1_280' title='bbox 859 1362 923 1388; x_wconf 86' lang='lat' dir='ltr'>Dec.</span> <span class='ocrx_word' id='word_1_281' title='bbox 942 1363 1009 1388; x_wconf 87' lang='lat'>1490</span> <span class='ocrx_word' id='word_1_282' title='bbox 1023 1371 1096 1388; x_wconf 92' lang='lat' dir='ltr'>mon.</span> 
     </span>
     <span class='ocr_line' id='line_1_32' title="bbox 40 1397 1099 1440; baseline -0.003 -6"><span class='ocrx_word' id='word_1_283' title='bbox 40 1406 78 1434; x_wconf 72' lang='lat' dir='ltr'>de</span> <span class='ocrx_word' id='word_1_284' title='bbox 101 1406 216 1433; x_wconf 63' lang='lat' dir='ltr'>Ianam</span> <span class='ocrx_word' id='word_1_285' title='bbox 243 1406 274 1432; x_wconf 91' lang='lat'>0.</span> <span class='ocrx_word' id='word_1_286' title='bbox 303 1406 380 1432; x_wconf 88' lang='lat' dir='ltr'>Clun.</span> <span class='ocrx_word' id='word_1_287' title='bbox 408 1406 494 1432; x_wconf 85' lang='lat' dir='ltr'>dioec.</span> <span class='ocrx_word' id='word_1_288' title='bbox 523 1397 631 1432; x_wconf 80' lang='lat' dir='ltr'>Riven.&#39;</span> <span class='ocrx_word' id='word_1_289' title='bbox 650 1406 900 1432; x_wconf 88' lang='lat' dir='ltr'>commendandum</span> <span class='ocrx_word' id='word_1_290' title='bbox 927 1406 1099 1440; x_wconf 85' lang='lat' dir='ltr'>Hieronymo</span> 
     </span>
     <span class='ocr_line' id='line_1_33' title="bbox 40 1450 1097 1484; baseline -0.003 -5"><span class='ocrx_word' id='word_1_291' title='bbox 40 1450 130 1479; x_wconf 70' lang='lat' dir='ltr'>electo</span> <span class='ocrx_word' id='word_1_292' title='bbox 149 1450 350 1484; x_wconf 79' lang='lat' dir='ltr'>Montisregalis</span> <span class='ocrx_word' id='word_1_293' title='bbox 372 1453 401 1476; x_wconf 89' lang='lat' dir='ltr'>et</span> <span class='ocrx_word' id='word_1_294' title='bbox 423 1451 457 1476; x_wconf 89' lang='lat'>22</span> <span class='ocrx_word' id='word_1_295' title='bbox 481 1450 547 1477; x_wconf 85' lang='lat' dir='ltr'>Jun.</span> <span class='ocrx_word' id='word_1_296' title='bbox 574 1451 638 1476; x_wconf 89' lang='lat'>1481</span> <span class='ocrx_word' id='word_1_297' title='bbox 664 1459 736 1476; x_wconf 91' lang='lat' dir='ltr'>mon.</span> <span class='ocrx_word' id='word_1_298' title='bbox 761 1450 872 1476; x_wconf 82' lang='lat' dir='ltr'>Insulae</span> <span class='ocrx_word' id='word_1_299' title='bbox 894 1459 914 1476; x_wconf 91' lang='lat' dir='ltr'>s.</span> <span class='ocrx_word' id='word_1_300' title='bbox 939 1450 1097 1481; x_wconf 74' lang='lat' dir='ltr'>Columbae,</span> 
     </span>
     <span class='ocr_line' id='line_1_34' title="bbox 41 1494 1098 1528; baseline -0.002 -6"><span class='ocrx_word' id='word_1_301' title='bbox 41 1495 122 1528; x_wconf 67' lang='lat' dir='ltr'>euius</span> <span class='ocrx_word' id='word_1_302' title='bbox 140 1494 227 1521; x_wconf 69' lang='lat' dir='ltr'>abbas</span> <span class='ocrx_word' id='word_1_303' title='bbox 245 1494 280 1520; x_wconf 77' lang='lat' dir='ltr'>fit</span> <span class='ocrx_word' id='word_1_304' title='bbox 300 1494 440 1520; x_wconf 85' lang='lat' dir='ltr'>Robertus</span> <span class='ocrx_word' id='word_1_305' title='bbox 458 1494 493 1520; x_wconf 89' lang='grc'>(18</span> <span class='ocrx_word' id='word_1_306' title='bbox 512 1495 656 1525; x_wconf 79' lang='lat' dir='ltr'>Fontibus,</span> <span class='ocrx_word' id='word_1_307' title='bbox 677 1503 709 1520; x_wconf 87' lang='lat' dir='ltr'>ac</span> <span class='ocrx_word' id='word_1_308' title='bbox 729 1495 763 1520; x_wconf 89' lang='lat'>24</span> <span class='ocrx_word' id='word_1_309' title='bbox 785 1494 859 1528; x_wconf 90' lang='lat' dir='ltr'>Sept.</span> <span class='ocrx_word' id='word_1_310' title='bbox 883 1495 950 1520; x_wconf 88' lang='grc'>1498</span> <span class='ocrx_word' id='word_1_311' title='bbox 970 1503 1042 1520; x_wconf 92' lang='lat' dir='ltr'>mon.</span> <span class='ocrx_word' id='word_1_312' title='bbox 1064 1494 1098 1520; x_wconf 86' lang='grc'>(18</span> 
     </span>
     <span class='ocr_line' id='line_1_35' title="bbox 41 1538 1097 1572; baseline -0.002 -6"><span class='ocrx_word' id='word_1_313' title='bbox 41 1538 168 1567; x_wconf 74' lang='lat' dir='ltr'>Sobmda</span> <span class='ocrx_word' id='word_1_314' title='bbox 193 1541 222 1565; x_wconf 86' lang='lat' dir='ltr'>et</span> <span class='ocrx_word' id='word_1_315' title='bbox 247 1547 267 1564; x_wconf 92' lang='lat' dir='ltr'>s.</span> <span class='ocrx_word' id='word_1_316' title='bbox 297 1539 373 1565; x_wconf 85' lang='lat' dir='ltr'>Justi</span> <span class='ocrx_word' id='word_1_317' title='bbox 399 1539 431 1565; x_wconf 91' lang='lat' dir='ltr'>O.</span> <span class='ocrx_word' id='word_1_318' title='bbox 459 1539 524 1565; x_wconf 88' lang='lat' dir='ltr'>Cist.</span> <span class='ocrx_word' id='word_1_319' title='bbox 552 1539 638 1564; x_wconf 84' lang='lat' dir='ltr'>dioec.</span> <span class='ocrx_word' id='word_1_320' title='bbox 666 1539 878 1572; x_wconf 86' lang='lat' dir='ltr'>Compostellan.</span> <span class='ocrx_word' id='word_1_321' title='bbox 897 1539 1018 1564; x_wconf 88' lang='lat' dir='ltr'>unienda</span> <span class='ocrx_word' id='word_1_322' title='bbox 1035 1547 1097 1564; x_wconf 91' lang='lat' dir='ltr'>con-</span> 
     </span>
     <span class='ocr_line' id='line_1_36' title="bbox 38 1583 1098 1618; baseline -0.002 -8"><span class='ocrx_word' id='word_1_323' title='bbox 38 1583 194 1618; x_wconf 58' lang='lat' dir='ltr'>wtioni</span> <span class='ocrx_word' id='word_1_324' title='bbox 212 1583 410 1609; x_wconf 82' lang='lat' dir='ltr'>monachorum</span> <span class='ocrx_word' id='word_1_325' title='bbox 430 1583 513 1617; x_wconf 90' lang='lat' dir='ltr'>regul.</span> <span class='ocrx_word' id='word_1_326' title='bbox 535 1583 641 1609; x_wconf 81' lang='lat' dir='ltr'>observ.</span> <span class='ocrx_word' id='word_1_327' title='bbox 664 1583 695 1609; x_wconf 94' lang='lat' dir='ltr'>O.</span> <span class='ocrx_word' id='word_1_328' title='bbox 717 1583 782 1609; x_wconf 88' lang='lat' dir='ltr'>Cist.</span> <span class='ocrx_word' id='word_1_329' title='bbox 804 1583 833 1608; x_wconf 86' lang='lat' dir='ltr'>in</span> <span class='ocrx_word' id='word_1_330' title='bbox 852 1591 935 1616; x_wconf 87' lang='lat' dir='ltr'>regno</span> <span class='ocrx_word' id='word_1_331' title='bbox 955 1583 1098 1613; x_wconf 84' lang='lat' dir='ltr'>Castellae,</span> 
     </span>
     <span class='ocr_line' id='line_1_37' title="bbox 40 1627 1096 1661; baseline -0.002 -7"><span class='ocrx_word' id='word_1_332' title='bbox 40 1634 149 1654; x_wconf 74' lang='lat' dir='ltr'>necnon</span> <span class='ocrx_word' id='word_1_333' title='bbox 169 1627 200 1654; x_wconf 87' lang='grc'>17</span> <span class='ocrx_word' id='word_1_334' title='bbox 220 1627 286 1661; x_wconf 89' lang='lat' dir='ltr'>Apr.</span> <span class='ocrx_word' id='word_1_335' title='bbox 309 1627 376 1653; x_wconf 88' lang='grc'>1499</span> <span class='ocrx_word' id='word_1_336' title='bbox 396 1635 468 1653; x_wconf 89' lang='lat' dir='ltr'>mon.</span> <span class='ocrx_word' id='word_1_337' title='bbox 490 1627 516 1653; x_wconf 92' lang='lat' dir='ltr'>b.</span> <span class='ocrx_word' id='word_1_338' title='bbox 537 1627 640 1653; x_wconf 82' lang='lat' dir='ltr'>Mariae</span> <span class='ocrx_word' id='word_1_339' title='bbox 659 1627 693 1652; x_wconf 89' lang='lat' dir='ltr'>de</span> <span class='ocrx_word' id='word_1_340' title='bbox 715 1627 812 1653; x_wconf 84' lang='lat' dir='ltr'>Gratia</span> <span class='ocrx_word' id='word_1_341' title='bbox 831 1627 862 1653; x_wconf 94' lang='lat' dir='ltr'>O.</span> <span class='ocrx_word' id='word_1_342' title='bbox 884 1627 990 1652; x_wconf 88' lang='lat' dir='ltr'>Praem.</span> <span class='ocrx_word' id='word_1_343' title='bbox 1011 1627 1096 1652; x_wconf 88' lang='lat' dir='ltr'>dioec.</span> 
     </span>
     <span class='ocr_line' id='line_1_38' title="bbox 39 1670 1098 1702; baseline -0.002 -4"><span class='ocrx_word' id='word_1_344' title='bbox 39 1670 162 1702; x_wconf 66' lang='lat' dir='ltr'>Aduren.</span> <span class='ocrx_word' id='word_1_345' title='bbox 181 1674 211 1697; x_wconf 83' lang='lat' dir='ltr'>et</span> <span class='ocrx_word' id='word_1_346' title='bbox 229 1679 302 1697; x_wconf 87' lang='lat' dir='ltr'>mon.</span> <span class='ocrx_word' id='word_1_347' title='bbox 322 1671 349 1697; x_wconf 85' lang='lat' dir='ltr'>b.</span> <span class='ocrx_word' id='word_1_348' title='bbox 369 1671 472 1697; x_wconf 79' lang='lat' dir='ltr'>Mariae</span> <span class='ocrx_word' id='word_1_349' title='bbox 490 1671 524 1697; x_wconf 97' lang='grc'>(18</span> <span class='ocrx_word' id='word_1_350' title='bbox 543 1671 618 1697; x_wconf 90' lang='lat' dir='ltr'>Luco</span> <span class='ocrx_word' id='word_1_351' title='bbox 637 1671 669 1697; x_wconf 95' lang='lat' dir='ltr'>O.</span> <span class='ocrx_word' id='word_1_352' title='bbox 692 1671 717 1697; x_wconf 90' lang='lat' dir='ltr'>S.</span> <span class='ocrx_word' id='word_1_353' title='bbox 739 1671 770 1697; x_wconf 90' lang='lat' dir='ltr'>B.</span> <span class='ocrx_word' id='word_1_354' title='bbox 791 1671 876 1697; x_wconf 89' lang='lat' dir='ltr'>dioec.</span> <span class='ocrx_word' id='word_1_355' title='bbox 897 1671 1004 1697; x_wconf 89' lang='lat' dir='ltr'>Oloren.</span> <span class='ocrx_word' id='word_1_356' title='bbox 1026 1679 1098 1696; x_wconf 87' lang='lat' dir='ltr'>com-</span> 
     </span>
     <span class='ocr_line' id='line_1_39' title="bbox 36 1707 1098 1749; baseline -0.002 -7"><span class='ocrx_word' id='word_1_357' title='bbox 36 1707 200 1746; x_wconf 39' lang='lat' dir='ltr'>[mmdanda</span> <span class='ocrx_word' id='word_1_358' title='bbox 222 1715 363 1741; x_wconf 87' lang='lat' dir='ltr'>Amenevo</span> <span class='ocrx_word' id='word_1_359' title='bbox 386 1715 421 1741; x_wconf 89' lang='lat' dir='ltr'>de</span> <span class='ocrx_word' id='word_1_360' title='bbox 444 1715 562 1742; x_wconf 84' lang='lat' dir='ltr'>Lebreto</span> <span class='ocrx_word' id='word_1_361' title='bbox 586 1718 725 1749; x_wconf 86' lang='lat' dir='ltr'>protonot.</span> <span class='ocrx_word' id='word_1_362' title='bbox 751 1718 839 1749; x_wconf 87' lang='lat' dir='ltr'>apost.</span> <span class='ocrx_word' id='word_1_363' title='bbox 866 1716 977 1749; x_wconf 90' lang='lat' dir='ltr'>(postm.</span> <span class='ocrx_word' id='word_1_364' title='bbox 1003 1715 1098 1747; x_wconf 67' lang='lat' dir='ltr'>card),</span> 
     </span>
     <span class='ocr_line' id='line_1_40' title="bbox 42 1758 1097 1793; baseline -0.001 -7"><span class='ocrx_word' id='word_1_365' title='bbox 42 1761 75 1786; x_wconf 60' lang='grc' dir='ltr'>ὠ</span> <span class='ocrx_word' id='word_1_366' title='bbox 92 1759 128 1786; x_wconf 81' lang='grc'>29</span> <span class='ocrx_word' id='word_1_367' title='bbox 145 1758 228 1786; x_wconf 70' lang='lat' dir='ltr'>Mart.</span> <span class='ocrx_word' id='word_1_368' title='bbox 250 1760 318 1786; x_wconf 86' lang='grc'>1503</span> <span class='ocrx_word' id='word_1_369' title='bbox 338 1767 411 1785; x_wconf 87' lang='lat' dir='ltr'>mon.</span> <span class='ocrx_word' id='word_1_370' title='bbox 433 1768 453 1785; x_wconf 94' lang='lat' dir='ltr'>s.</span> <span class='ocrx_word' id='word_1_371' title='bbox 475 1759 601 1785; x_wconf 78' lang='lat' dir='ltr'>Andreae</span> <span class='ocrx_word' id='word_1_372' title='bbox 621 1759 656 1785; x_wconf 85' lang='lat' dir='ltr'>de</span> <span class='ocrx_word' id='word_1_373' title='bbox 676 1759 834 1793; x_wconf 84' lang='lat' dir='ltr'>Randupho</span> <span class='ocrx_word' id='word_1_374' title='bbox 855 1759 886 1785; x_wconf 95' lang='grc' dir='ltr'>Ο.</span> <span class='ocrx_word' id='word_1_375' title='bbox 911 1759 937 1785; x_wconf 90' lang='lat' dir='ltr'>S.</span> <span class='ocrx_word' id='word_1_376' title='bbox 960 1760 991 1785; x_wconf 89' lang='lat' dir='ltr'>B.</span> <span class='ocrx_word' id='word_1_377' title='bbox 1013 1759 1097 1785; x_wconf 87' lang='grc'>(11088.</span> 
     </span>
     <span class='ocr_line' id='line_1_41' title="bbox 43 1801 1098 1836; baseline -0.001 -6"><span class='ocrx_word' id='word_1_378' title='bbox 43 1801 219 1834; x_wconf 59' lang='lat' dir='ltr'>mocharen„</span> <span class='ocrx_word' id='word_1_379' title='bbox 235 1803 315 1836; x_wconf 85' lang='lat' dir='ltr'>cujus</span> <span class='ocrx_word' id='word_1_380' title='bbox 331 1803 418 1829; x_wconf 84' lang='lat' dir='ltr'>abbas</span> <span class='ocrx_word' id='word_1_381' title='bbox 434 1804 469 1829; x_wconf 86' lang='lat' dir='ltr'>fit</span> <span class='ocrx_word' id='word_1_382' title='bbox 478 1804 622 1829; x_wconf 88' lang='lat' dir='ltr'>Tristanus</span> <span class='ocrx_word' id='word_1_383' title='bbox 638 1803 672 1829; x_wconf 90' lang='lat' dir='ltr'>de</span> <span class='ocrx_word' id='word_1_384' title='bbox 683 1804 779 1829; x_wconf 86' lang='lat' dir='ltr'>Barios</span> <span class='ocrx_word' id='word_1_385' title='bbox 797 1803 853 1835; x_wconf 92' lang='lat' dir='ltr'>(AC</span> <span class='ocrx_word' id='word_1_386' title='bbox 864 1803 969 1829; x_wconf 89' lang='lat' dir='ltr'>Camer.</span> <span class='ocrx_word' id='word_1_387' title='bbox 988 1803 1001 1828; x_wconf 97' lang='lat' dir='ltr'><strong>I</strong></span> <span class='ocrx_word' id='word_1_388' title='bbox 1019 1804 1037 1829; x_wconf 82' lang='lat' dir='ltr'>f.</span> <span class='ocrx_word' id='word_1_389' title='bbox 1058 1805 1098 1834; x_wconf 89' lang='lat'>11,</span> 
     </span>
     <span class='ocr_line' id='line_1_42' title="bbox 45 1847 1099 1881; baseline 0 -8"><span class='ocrx_word' id='word_1_390' title='bbox 45 1847 88 1878; x_wconf 85' lang='grc'>12,</span> <span class='ocrx_word' id='word_1_391' title='bbox 99 1847 141 1878; x_wconf 82' lang='grc'>16,</span> <span class='ocrx_word' id='word_1_392' title='bbox 150 1847 193 1877; x_wconf 81' lang='grc'>68,</span> <span class='ocrx_word' id='word_1_393' title='bbox 202 1847 246 1878; x_wconf 80' lang='grc'>73,</span> <span class='ocrx_word' id='word_1_394' title='bbox 257 1848 326 1879; x_wconf 85' lang='grc'>114).</span> <span class='ocrx_word' id='word_1_395' title='bbox 344 1847 399 1874; x_wconf 76' lang='lat' dir='ltr'>Otr.</span> <span class='ocrx_word' id='word_1_396' title='bbox 409 1848 455 1874; x_wconf 90' lang='lat' dir='ltr'>lib.</span> <span class='ocrx_word' id='word_1_397' title='bbox 466 1848 495 1874; x_wconf 93' lang='lat'>11</span> <span class='ocrx_word' id='word_1_398' title='bbox 505 1856 526 1873; x_wconf 91' lang='lat' dir='ltr'>s.</span> <span class='ocrx_word' id='word_1_399' title='bbox 537 1856 563 1874; x_wconf 90' lang='lat' dir='ltr'>v.</span> <span class='ocrx_word' id='word_1_400' title='bbox 574 1848 726 1878; x_wconf 65' lang='lat' dir='ltr'>hectorem,</span> <span class='ocrx_word' id='word_1_401' title='bbox 737 1848 890 1878; x_wconf 86' lang='lat' dir='ltr'>Lamecen.,</span> <span class='ocrx_word' id='word_1_402' title='bbox 901 1847 1099 1881; x_wconf 86' lang='lat' dir='ltr'>Pampilonen.,</span> 
     </span>
     <span class='ocr_line' id='line_1_43' title="bbox 42 1890 866 1925; baseline 0.002 -9"><span class='ocrx_word' id='word_1_403' title='bbox 42 1893 130 1925; x_wconf 75' lang='lat' dir='ltr'>atque</span> <span class='ocrx_word' id='word_1_404' title='bbox 147 1890 219 1925; x_wconf 85' lang='lat' dir='ltr'>App.</span> <span class='ocrx_word' id='word_1_405' title='bbox 239 1890 253 1917; x_wconf 95' lang='lat'>1</span> <span class='ocrx_word' id='word_1_406' title='bbox 272 1891 309 1917; x_wconf 80' lang='lat' dir='ltr'>ad</span> <span class='ocrx_word' id='word_1_407' title='bbox 326 1891 373 1917; x_wconf 90' lang='lat' dir='ltr'>lib.</span> <span class='ocrx_word' id='word_1_408' title='bbox 393 1891 407 1917; x_wconf 94' lang='lat'>1</span> <span class='ocrx_word' id='word_1_409' title='bbox 425 1900 466 1918; x_wconf 91' lang='lat' dir='ltr'>nr.</span> <span class='ocrx_word' id='word_1_410' title='bbox 486 1892 547 1923; x_wconf 89' lang='lat'>535,</span> <span class='ocrx_word' id='word_1_411' title='bbox 566 1893 626 1922; x_wconf 87' lang='grc'>548,</span> <span class='ocrx_word' id='word_1_412' title='bbox 646 1893 707 1922; x_wconf 88' lang='lat'>577,</span> <span class='ocrx_word' id='word_1_413' title='bbox 726 1892 787 1922; x_wconf 87' lang='grc'>579,</span> <span class='ocrx_word' id='word_1_414' title='bbox 806 1893 866 1918; x_wconf 88' lang='grc'>580.</span> 
     </span>
    </p>
   </div>
   <div class='ocr_carea' id='block_1_15' title="bbox 42 1942 1102 2242">
    <p class='ocr_par' dir='ltr' id='par_1_16' title="bbox 42 1942 1102 2242">
     <span class='ocr_line' id='line_1_44' title="bbox 115 1942 1100 1978; baseline 0.001 -9"><span class='ocrx_word' id='word_1_415' title='bbox 115 1942 138 1976; x_wconf 83' lang='lat'>²)</span> <span class='ocrx_word' id='word_1_416' title='bbox 157 1943 320 1978; x_wconf 81' lang='lat' dir='ltr'>Resignavit</span> <span class='ocrx_word' id='word_1_417' title='bbox 336 1945 369 1970; x_wconf 91' lang='grc'>16</span> <span class='ocrx_word' id='word_1_418' title='bbox 383 1943 452 1978; x_wconf 85' lang='lat' dir='ltr'>Aug.</span> <span class='ocrx_word' id='word_1_419' title='bbox 470 1945 538 1971; x_wconf 85' lang='grc'>1499</span> <span class='ocrx_word' id='word_1_420' title='bbox 553 1953 626 1970; x_wconf 89' lang='lat' dir='ltr'>mon.</span> <span class='ocrx_word' id='word_1_421' title='bbox 642 1953 663 1970; x_wconf 93' lang='lat' dir='ltr'>s.</span> <span class='ocrx_word' id='word_1_422' title='bbox 679 1945 772 1971; x_wconf 79' lang='lat' dir='ltr'>Crucis</span> <span class='ocrx_word' id='word_1_423' title='bbox 787 1944 819 1970; x_wconf 93' lang='grc' dir='ltr'>Ο.</span> <span class='ocrx_word' id='word_1_424' title='bbox 838 1945 864 1971; x_wconf 88' lang='lat' dir='ltr'>S.</span> <span class='ocrx_word' id='word_1_425' title='bbox 882 1945 913 1970; x_wconf 94' lang='lat' dir='ltr'>B.</span> <span class='ocrx_word' id='word_1_426' title='bbox 930 1944 1014 1970; x_wconf 84' lang='lat' dir='ltr'>dioec.</span> <span class='ocrx_word' id='word_1_427' title='bbox 1032 1945 1100 1970; x_wconf 90' lang='lat' dir='ltr'>Bur-</span> 
     </span>
     <span class='ocr_line' id='line_1_45' title="bbox 42 1987 1099 2022; baseline 0.001 -9"><span class='ocrx_word' id='word_1_428' title='bbox 42 1987 167 2022; x_wconf 74' lang='lat' dir='ltr'>degalen.</span> <span class='ocrx_word' id='word_1_429' title='bbox 190 1988 441 2014; x_wconf 69' lang='lat' dir='ltr'>commendandum</span> <span class='ocrx_word' id='word_1_430' title='bbox 461 1988 559 2015; x_wconf 87' lang='lat' dir='ltr'>Carolo</span> <span class='ocrx_word' id='word_1_431' title='bbox 579 1988 614 2014; x_wconf 91' lang='lat' dir='ltr'>de</span> <span class='ocrx_word' id='word_1_432' title='bbox 635 1988 747 2015; x_wconf 88' lang='lat' dir='ltr'>Carreto</span> <span class='ocrx_word' id='word_1_433' title='bbox 768 1989 856 2014; x_wconf 85' lang='lat' dir='ltr'>electo</span> <span class='ocrx_word' id='word_1_434' title='bbox 877 1997 954 2022; x_wconf 87' lang='lat' dir='ltr'>aepo.</span> <span class='ocrx_word' id='word_1_435' title='bbox 977 1988 1099 2014; x_wconf 85' lang='lat' dir='ltr'>Theban.</span> 
     </span>
     <span class='ocr_line' id='line_1_46' title="bbox 43 2031 1100 2067; baseline 0 -9"><span class='ocrx_word' id='word_1_436' title='bbox 43 2034 75 2058; x_wconf 77' lang='lat' dir='ltr'>et</span> <span class='ocrx_word' id='word_1_437' title='bbox 89 2032 123 2057; x_wconf 83' lang='lat'>24</span> <span class='ocrx_word' id='word_1_438' title='bbox 138 2031 203 2058; x_wconf 71' lang='lat' dir='ltr'>«Ian.</span> <span class='ocrx_word' id='word_1_439' title='bbox 221 2033 289 2058; x_wconf 92' lang='grc'>1500</span> <span class='ocrx_word' id='word_1_440' title='bbox 303 2032 426 2058; x_wconf 85' lang='lat' dir='ltr'>obtinuit</span> <span class='ocrx_word' id='word_1_441' title='bbox 440 2033 469 2058; x_wconf 91' lang='lat' dir='ltr'>in</span> <span class='ocrx_word' id='word_1_442' title='bbox 482 2041 581 2058; x_wconf 90' lang='lat' dir='ltr'>comm.</span> <span class='ocrx_word' id='word_1_443' title='bbox 598 2041 670 2058; x_wconf 88' lang='lat' dir='ltr'>mon.</span> <span class='ocrx_word' id='word_1_444' title='bbox 687 2041 721 2058; x_wconf 87' lang='grc'>88.</span> <span class='ocrx_word' id='word_1_445' title='bbox 737 2033 816 2059; x_wconf 88' lang='lat' dir='ltr'>Corn.</span> <span class='ocrx_word' id='word_1_446' title='bbox 833 2036 862 2058; x_wconf 87' lang='lat' dir='ltr'>et</span> <span class='ocrx_word' id='word_1_447' title='bbox 876 2033 957 2067; x_wconf 86' lang='lat' dir='ltr'>Cypr.</span> <span class='ocrx_word' id='word_1_448' title='bbox 974 2033 1008 2058; x_wconf 88' lang='lat' dir='ltr'>de</span> <span class='ocrx_word' id='word_1_449' title='bbox 1022 2032 1100 2059; x_wconf 90' lang='lat' dir='ltr'>Com-</span> 
     </span>
     <span class='ocr_line' id='line_1_47' title="bbox 44 2075 1099 2111; baseline 0 -9"><span class='ocrx_word' id='word_1_450' title='bbox 44 2075 147 2110; x_wconf 77' lang='lat' dir='ltr'>pendio</span> <span class='ocrx_word' id='word_1_451' title='bbox 164 2075 196 2102; x_wconf 91' lang='lat' dir='ltr'>O.</span> <span class='ocrx_word' id='word_1_452' title='bbox 217 2076 243 2102; x_wconf 90' lang='lat' dir='ltr'>S.</span> <span class='ocrx_word' id='word_1_453' title='bbox 264 2076 295 2101; x_wconf 86' lang='lat' dir='ltr'>B.</span> <span class='ocrx_word' id='word_1_454' title='bbox 314 2076 399 2102; x_wconf 88' lang='lat' dir='ltr'>dioec.</span> <span class='ocrx_word' id='word_1_455' title='bbox 421 2076 591 2102; x_wconf 87' lang='lat' dir='ltr'>Suessionen.</span> <span class='ocrx_word' id='word_1_456' title='bbox 611 2085 670 2102; x_wconf 78' lang='lat' dir='ltr'>vac.</span> <span class='ocrx_word' id='word_1_457' title='bbox 690 2085 738 2110; x_wconf 90' lang='lat' dir='ltr'>per</span> <span class='ocrx_word' id='word_1_458' title='bbox 754 2078 851 2111; x_wconf 84' lang='lat' dir='ltr'>resign.</span> <span class='ocrx_word' id='word_1_459' title='bbox 871 2077 934 2103; x_wconf 93' lang='lat' dir='ltr'>abb.</span> <span class='ocrx_word' id='word_1_460' title='bbox 964 2077 1022 2109; x_wconf 75' lang='lat' dir='ltr'>(cfr.</span> <span class='ocrx_word' id='word_1_461' title='bbox 1042 2080 1099 2102; x_wconf 92' lang='lat' dir='ltr'>not.</span> 
     </span>
     <span class='ocr_line' id='line_1_48' title="bbox 42 2120 1102 2154; baseline 0 -8"><span class='ocrx_word' id='word_1_462' title='bbox 42 2121 63 2146; x_wconf 84' lang='grc'>5</span> <span class='ocrx_word' id='word_1_463' title='bbox 79 2128 140 2154; x_wconf 59' lang='grc' dir='ltr'>Μ.</span> <span class='ocrx_word' id='word_1_464' title='bbox 160 2120 215 2152; x_wconf 92' lang='grc'>20),</span> <span class='ocrx_word' id='word_1_465' title='bbox 242 2120 317 2154; x_wconf 85' lang='lat' dir='ltr'>quod</span> <span class='ocrx_word' id='word_1_466' title='bbox 340 2120 452 2154; x_wconf 87' lang='lat' dir='ltr'>quidem</span> <span class='ocrx_word' id='word_1_467' title='bbox 468 2121 502 2146; x_wconf 84' lang='lat'>29</span> <span class='ocrx_word' id='word_1_468' title='bbox 517 2120 583 2154; x_wconf 90' lang='lat' dir='ltr'>Apr.</span> <span class='ocrx_word' id='word_1_469' title='bbox 603 2121 671 2147; x_wconf 88' lang='lat'>1500</span> <span class='ocrx_word' id='word_1_470' title='bbox 686 2121 836 2154; x_wconf 75' lang='lat' dir='ltr'>resignavit</span> <span class='ocrx_word' id='word_1_471' title='bbox 851 2121 1102 2147; x_wconf 85' lang='lat' dir='ltr'>commendandum</span> 
     </span>
     <span class='ocr_line' id='line_1_49' title="bbox 44 2163 1102 2198; baseline 0.001 -8"><span class='ocrx_word' id='word_1_472' title='bbox 44 2163 158 2198; x_wconf 80' lang='lat' dir='ltr'>Bugoni</span> <span class='ocrx_word' id='word_1_473' title='bbox 179 2164 214 2190; x_wconf 82' lang='lat' dir='ltr'>de</span> <span class='ocrx_word' id='word_1_474' title='bbox 235 2164 353 2190; x_wconf 87' lang='lat' dir='ltr'>Taldure</span> <span class='ocrx_word' id='word_1_475' title='bbox 375 2167 514 2198; x_wconf 86' lang='lat' dir='ltr'>protonot.</span> <span class='ocrx_word' id='word_1_476' title='bbox 537 2167 626 2198; x_wconf 86' lang='lat' dir='ltr'>apost.</span> <span class='ocrx_word' id='word_1_477' title='bbox 650 2165 691 2196; x_wconf 90' lang='lat' dir='ltr'>(L.</span> <span class='ocrx_word' id='word_1_478' title='bbox 714 2173 736 2190; x_wconf 90' lang='lat' dir='ltr'>c.</span> <span class='ocrx_word' id='word_1_479' title='bbox 759 2165 778 2190; x_wconf 78' lang='lat' dir='ltr'>f.</span> <span class='ocrx_word' id='word_1_480' title='bbox 799 2166 842 2195; x_wconf 89' lang='lat'>77,</span> <span class='ocrx_word' id='word_1_481' title='bbox 863 2166 906 2196; x_wconf 85' lang='lat'>81,</span> <span class='ocrx_word' id='word_1_482' title='bbox 922 2166 976 2197; x_wconf 87' lang='lat'>84).</span> <span class='ocrx_word' id='word_1_483' title='bbox 999 2165 1015 2198; x_wconf 90' lang='lat'>†</span> <span class='ocrx_word' id='word_1_484' title='bbox 1035 2166 1102 2191; x_wconf 89' lang='grc'>1500</span> 
     </span>
     <span class='ocr_line' id='line_1_50' title="bbox 43 2207 544 2242; baseline 0.002 -8"><span class='ocrx_word' id='word_1_485' title='bbox 43 2207 118 2234; x_wconf 80' lang='lat' dir='ltr'>Nov.</span> <span class='ocrx_word' id='word_1_486' title='bbox 144 2208 190 2239; x_wconf 88' lang='lat'>12;</span> <span class='ocrx_word' id='word_1_487' title='bbox 214 2208 262 2234; x_wconf 77' lang='lat' dir='ltr'>cfr.</span> <span class='ocrx_word' id='word_1_488' title='bbox 286 2208 358 2242; x_wconf 88' lang='lat' dir='ltr'>App.</span> <span class='ocrx_word' id='word_1_489' title='bbox 383 2209 396 2234; x_wconf 96' lang='lat' dir='ltr'><strong>I</strong></span> <span class='ocrx_word' id='word_1_490' title='bbox 421 2217 461 2235; x_wconf 89' lang='lat' dir='ltr'>nr.</span> <span class='ocrx_word' id='word_1_491' title='bbox 485 2209 544 2235; x_wconf 88' lang='grc'><strong>635.</strong></span> 
     </span>
    </p>
   </div>
   <div class='ocr_carea' id='block_1_16' title="bbox 114 2260 798 2295">
    <p class='ocr_par' dir='ltr' id='par_1_17' title="bbox 114 2260 798 2295">
     <span class='ocr_line' id='line_1_51' title="bbox 114 2260 798 2295; baseline 0.001 -8"><span class='ocrx_word' id='word_1_492' title='bbox 114 2260 138 2294; x_wconf 83' lang='lat'>⁸)</span> <span class='ocrx_word' id='word_1_493' title='bbox 159 2260 177 2294; x_wconf 81' lang='lat'>†</span> <span class='ocrx_word' id='word_1_494' title='bbox 200 2262 268 2287; x_wconf 83' lang='lat'>1492</span> <span class='ocrx_word' id='word_1_495' title='bbox 292 2261 369 2295; x_wconf 86' lang='lat' dir='ltr'>Sept.</span> <span class='ocrx_word' id='word_1_496' title='bbox 396 2263 441 2293; x_wconf 79' lang='lat'>143</span> <span class='ocrx_word' id='word_1_497' title='bbox 465 2262 514 2287; x_wconf 83' lang='lat' dir='ltr'>cfr.</span> <span class='ocrx_word' id='word_1_498' title='bbox 539 2261 610 2295; x_wconf 88' lang='lat' dir='ltr'>App.</span> <span class='ocrx_word' id='word_1_499' title='bbox 635 2261 649 2287; x_wconf 96' lang='lat' dir='ltr'>I</span> <span class='ocrx_word' id='word_1_500' title='bbox 673 2270 713 2288; x_wconf 88' lang='lat' dir='ltr'>nr.</span> <span class='ocrx_word' id='word_1_501' title='bbox 738 2262 798 2288; x_wconf 83' lang='lat'>543.</span> 
     </span>
    </p>
   </div>
   <div class='ocr_carea' id='block_1_17' title="bbox 45 2312 1104 2569">
    <p class='ocr_par' dir='ltr' id='par_1_18' title="bbox 45 2312 1104 2569">
     <span class='ocr_line' id='line_1_52' title="bbox 116 2312 1101 2348; baseline 0.002 -9"><span class='ocrx_word' id='word_1_502' title='bbox 116 2312 138 2346; x_wconf 74' lang='lat'>⁸)</span> <span class='ocrx_word' id='word_1_503' title='bbox 157 2314 210 2340; x_wconf 81' lang='lat' dir='ltr'>Die</span> <span class='ocrx_word' id='word_1_504' title='bbox 225 2315 258 2340; x_wconf 85' lang='lat'>14</span> <span class='ocrx_word' id='word_1_505' title='bbox 271 2314 352 2340; x_wconf 84' lang='lat' dir='ltr'>Mart.</span> <span class='ocrx_word' id='word_1_506' title='bbox 371 2315 447 2345; x_wconf 88' lang='grc'>1487,</span> <span class='ocrx_word' id='word_1_507' title='bbox 462 2314 553 2340; x_wconf 84' lang='lat' dir='ltr'>adhuc</span> <span class='ocrx_word' id='word_1_508' title='bbox 568 2323 643 2348; x_wconf 89' lang='lat' dir='ltr'>puer,</span> <span class='ocrx_word' id='word_1_509' title='bbox 659 2315 706 2340; x_wconf 90' lang='lat' dir='ltr'>sed</span> <span class='ocrx_word' id='word_1_510' title='bbox 720 2315 778 2348; x_wconf 84' lang='lat' dir='ltr'>jam</span> <span class='ocrx_word' id='word_1_511' title='bbox 792 2315 904 2340; x_wconf 84' lang='lat' dir='ltr'>clericus</span> <span class='ocrx_word' id='word_1_512' title='bbox 919 2315 1101 2346; x_wconf 66' lang='lat' dir='ltr'>Florentium,</span> 
     </span>
     <span class='ocr_line' id='line_1_53' title="bbox 45 2358 1102 2393; baseline 0.001 -9"><span class='ocrx_word' id='word_1_513' title='bbox 45 2363 120 2385; x_wconf 68' lang='lat' dir='ltr'>mon.</span> <span class='ocrx_word' id='word_1_514' title='bbox 137 2358 296 2384; x_wconf 79' lang='lat' dir='ltr'>Cassinense</span> <span class='ocrx_word' id='word_1_515' title='bbox 313 2359 344 2384; x_wconf 94' lang='lat' dir='ltr'>O.</span> <span class='ocrx_word' id='word_1_516' title='bbox 365 2359 390 2385; x_wconf 89' lang='lat' dir='ltr'>S.</span> <span class='ocrx_word' id='word_1_517' title='bbox 409 2359 440 2384; x_wconf 93' lang='lat' dir='ltr'>B.</span> <span class='ocrx_word' id='word_1_518' title='bbox 459 2367 518 2384; x_wconf 87' lang='lat' dir='ltr'>vac.</span> <span class='ocrx_word' id='word_1_519' title='bbox 538 2367 585 2392; x_wconf 90' lang='lat' dir='ltr'>per</span> <span class='ocrx_word' id='word_1_520' title='bbox 600 2359 644 2384; x_wconf 94' lang='lat' dir='ltr'>ob.</span> <span class='ocrx_word' id='word_1_521' title='bbox 663 2359 727 2385; x_wconf 79' lang='lat' dir='ltr'>Joh.</span> <span class='ocrx_word' id='word_1_522' title='bbox 745 2359 891 2385; x_wconf 83' lang='lat' dir='ltr'>cardinalis</span> <span class='ocrx_word' id='word_1_523' title='bbox 906 2359 940 2385; x_wconf 89' lang='lat' dir='ltr'>de</span> <span class='ocrx_word' id='word_1_524' title='bbox 956 2359 1102 2393; x_wconf 85' lang='lat' dir='ltr'>Aragonia,</span> 
     </span>
     <span class='ocr_line' id='line_1_54' title="bbox 46 2401 1102 2436; baseline 0.001 -8"><span class='ocrx_word' id='word_1_525' title='bbox 46 2401 92 2428; x_wconf 70' lang='lat' dir='ltr'>die</span> <span class='ocrx_word' id='word_1_526' title='bbox 104 2401 139 2428; x_wconf 83' lang='lat'>24</span> <span class='ocrx_word' id='word_1_527' title='bbox 154 2401 230 2436; x_wconf 80' lang='lat' dir='ltr'>Sept.</span> <span class='ocrx_word' id='word_1_528' title='bbox 247 2403 314 2429; x_wconf 84' lang='lat'>1488</span> <span class='ocrx_word' id='word_1_529' title='bbox 329 2411 402 2428; x_wconf 90' lang='lat' dir='ltr'>mon.</span> <span class='ocrx_word' id='word_1_530' title='bbox 417 2403 452 2428; x_wconf 91' lang='lat' dir='ltr'>de</span> <span class='ocrx_word' id='word_1_531' title='bbox 466 2403 623 2429; x_wconf 88' lang='lat' dir='ltr'>Cultubono</span> <span class='ocrx_word' id='word_1_532' title='bbox 638 2403 669 2429; x_wconf 95' lang='lat' dir='ltr'>O.</span> <span class='ocrx_word' id='word_1_533' title='bbox 685 2403 859 2429; x_wconf 85' lang='lat' dir='ltr'>Vallisumbr.</span> <span class='ocrx_word' id='word_1_534' title='bbox 875 2403 960 2429; x_wconf 83' lang='lat' dir='ltr'>dioec.</span> <span class='ocrx_word' id='word_1_535' title='bbox 977 2404 1102 2430; x_wconf 85' lang='lat' dir='ltr'>Fesulan.</span> 
     </span>
     <span class='ocr_line' id='line_1_55' title="bbox 48 2446 1102 2480; baseline 0.001 -8"><span class='ocrx_word' id='word_1_536' title='bbox 48 2452 111 2472; x_wconf 70' lang='lat' dir='ltr'>vac.</span> <span class='ocrx_word' id='word_1_537' title='bbox 129 2454 178 2480; x_wconf 83' lang='lat' dir='ltr'>per</span> <span class='ocrx_word' id='word_1_538' title='bbox 194 2446 238 2472; x_wconf 89' lang='lat' dir='ltr'>ob.</span> <span class='ocrx_word' id='word_1_539' title='bbox 257 2446 349 2472; x_wconf 81' lang='lat' dir='ltr'>ultimi</span> <span class='ocrx_word' id='word_1_540' title='bbox 366 2447 485 2478; x_wconf 87' lang='lat' dir='ltr'>abbatis,</span> <span class='ocrx_word' id='word_1_541' title='bbox 513 2448 547 2472; x_wconf 88' lang='grc'>25</span> <span class='ocrx_word' id='word_1_542' title='bbox 563 2447 629 2473; x_wconf 88' lang='lat' dir='ltr'>Maii</span> <span class='ocrx_word' id='word_1_543' title='bbox 650 2448 716 2473; x_wconf 88' lang='grc'>1489</span> <span class='ocrx_word' id='word_1_544' title='bbox 734 2455 807 2473; x_wconf 88' lang='lat' dir='ltr'>mon.</span> <span class='ocrx_word' id='word_1_545' title='bbox 826 2456 860 2473; x_wconf 88' lang='lat' dir='ltr'>ss.</span> <span class='ocrx_word' id='word_1_546' title='bbox 880 2448 956 2474; x_wconf 84' lang='lat' dir='ltr'>Justi</span> <span class='ocrx_word' id='word_1_547' title='bbox 973 2451 1002 2473; x_wconf 90' lang='lat' dir='ltr'>et</span> <span class='ocrx_word' id='word_1_548' title='bbox 1019 2448 1102 2474; x_wconf 91' lang='lat' dir='ltr'>Clem.</span> 
     </span>
     <span class='ocr_line' id='line_1_56' title="bbox 46 2488 1102 2523; baseline 0.002 -7"><span class='ocrx_word' id='word_1_549' title='bbox 46 2488 189 2517; x_wconf 69' lang='lat' dir='ltr'>vulteum.</span> <span class='ocrx_word' id='word_1_550' title='bbox 213 2490 361 2523; x_wconf 81' lang='lat' dir='ltr'>(Volterra)</span> <span class='ocrx_word' id='word_1_551' title='bbox 384 2491 416 2517; x_wconf 96' lang='lat' dir='ltr'>O.</span> <span class='ocrx_word' id='word_1_552' title='bbox 441 2491 563 2517; x_wconf 86' lang='lat' dir='ltr'>Camald.</span> <span class='ocrx_word' id='word_1_553' title='bbox 587 2492 615 2517; x_wconf 90' lang='lat' dir='ltr'>in</span> <span class='ocrx_word' id='word_1_554' title='bbox 638 2500 736 2517; x_wconf 90' lang='lat' dir='ltr'>comm.</span> <span class='ocrx_word' id='word_1_555' title='bbox 761 2491 891 2522; x_wconf 84' lang='lat' dir='ltr'>obtinuit,</span> <span class='ocrx_word' id='word_1_556' title='bbox 915 2492 931 2518; x_wconf 94' lang='lat'>8</span> <span class='ocrx_word' id='word_1_557' title='bbox 955 2492 1011 2518; x_wconf 83' lang='lat' dir='ltr'>Jul.</span> <span class='ocrx_word' id='word_1_558' title='bbox 1037 2493 1102 2518; x_wconf 87' lang='grc'>1491</span> 
     </span>
     <span class='ocr_line' id='line_1_57' title="bbox 46 2533 1104 2569; baseline 0.002 -9"><span class='ocrx_word' id='word_1_559' title='bbox 46 2541 122 2560; x_wconf 80' lang='lat' dir='ltr'>mon.</span> <span class='ocrx_word' id='word_1_560' title='bbox 145 2533 275 2560; x_wconf 73' lang='lat' dir='ltr'>Casaedei</span> <span class='ocrx_word' id='word_1_561' title='bbox 298 2535 329 2561; x_wconf 92' lang='lat' dir='ltr'>O.</span> <span class='ocrx_word' id='word_1_562' title='bbox 356 2535 382 2562; x_wconf 88' lang='lat' dir='ltr'>S.</span> <span class='ocrx_word' id='word_1_563' title='bbox 408 2535 439 2561; x_wconf 89' lang='lat' dir='ltr'>B.</span> <span class='ocrx_word' id='word_1_564' title='bbox 463 2535 548 2561; x_wconf 86' lang='lat' dir='ltr'>dioec.</span> <span class='ocrx_word' id='word_1_565' title='bbox 573 2535 776 2561; x_wconf 84' lang='lat' dir='ltr'>Claromonten.</span> <span class='ocrx_word' id='word_1_566' title='bbox 801 2536 950 2569; x_wconf 79' lang='lat' dir='ltr'>resignavit</span> <span class='ocrx_word' id='word_1_567' title='bbox 973 2535 1046 2568; x_wconf 89' lang='lat' dir='ltr'>(Obl.</span> <span class='ocrx_word' id='word_1_568' title='bbox 1071 2536 1104 2562; x_wconf 88' lang='lat'>83</span> 
     </span>
    </p>
   </div>
   <div class='ocr_carea' id='block_1_18' title="bbox 45 2576 1104 2652">
    <p class='ocr_par' dir='ltr' id='par_1_19' title="bbox 45 2576 1104 2652">
     <span class='ocr_line' id='line_1_58' title="bbox 45 2576 1104 2614; baseline 0.001 -10"><span class='ocrx_word' id='word_1_569' title='bbox 45 2576 68 2604; x_wconf 65' lang='grc' dir='ltr'>ἱ.</span> <span class='ocrx_word' id='word_1_570' title='bbox 89 2577 140 2604; x_wconf 77' lang='lat' dir='ltr'>los</span> <span class='ocrx_word' id='word_1_571' title='bbox 156 2580 186 2604; x_wconf 83' lang='lat' dir='ltr'>et</span> <span class='ocrx_word' id='word_1_572' title='bbox 205 2579 264 2610; x_wconf 76' lang='lat'>116,</span> <span class='ocrx_word' id='word_1_573' title='bbox 283 2578 330 2605; x_wconf 85' lang='lat' dir='ltr'>AC</span> <span class='ocrx_word' id='word_1_574' title='bbox 348 2579 453 2606; x_wconf 83' lang='lat' dir='ltr'>Camer.</span> <span class='ocrx_word' id='word_1_575' title='bbox 474 2580 487 2605; x_wconf 96' lang='lat' dir='ltr'><strong>I</strong></span> <span class='ocrx_word' id='word_1_576' title='bbox 506 2579 524 2605; x_wconf 79' lang='lat' dir='ltr'>f.</span> <span class='ocrx_word' id='word_1_577' title='bbox 544 2581 562 2605; x_wconf 84' lang='lat'>4</span> <span class='ocrx_word' id='word_1_578' title='bbox 579 2583 608 2605; x_wconf 91' lang='lat' dir='ltr'>et</span> <span class='ocrx_word' id='word_1_579' title='bbox 629 2580 679 2611; x_wconf 88' lang='grc'>16).</span> <span class='ocrx_word' id='word_1_580' title='bbox 705 2579 759 2606; x_wconf 73' lang='lat' dir='ltr'>Cir.</span> <span class='ocrx_word' id='word_1_581' title='bbox 780 2579 851 2614; x_wconf 90' lang='lat' dir='ltr'>App.</span> <span class='ocrx_word' id='word_1_582' title='bbox 871 2579 885 2605; x_wconf 90' lang='grc' dir='ltr'>Ι</span> <span class='ocrx_word' id='word_1_583' title='bbox 904 2588 945 2607; x_wconf 89' lang='lat' dir='ltr'>nr.</span> <span class='ocrx_word' id='word_1_584' title='bbox 964 2580 1024 2610; x_wconf 86' lang='lat'>539,</span> <span class='ocrx_word' id='word_1_585' title='bbox 1044 2581 1104 2611; x_wconf 88' lang='grc'>540,</span> 
     </span>
     <span class='ocr_line' id='line_1_59' title="bbox 48 2622 188 2652; baseline 0 -4"><span class='ocrx_word' id='word_1_586' title='bbox 48 2622 111 2652; x_wconf 74' lang='lat'>545,</span> <span class='ocrx_word' id='word_1_587' title='bbox 127 2622 188 2648; x_wconf 78' lang='grc'>628.</span> 
     </span>
    </p>
   </div>
   <div class='ocr_carea' id='block_1_19' title="bbox 0 2673 1106 2887">
    <p class='ocr_par' dir='ltr' id='par_1_20' title="bbox 47 2673 1105 2798">
     <span class='ocr_line' id='line_1_60' title="bbox 119 2673 1105 2711; baseline 0.001 -10"><span class='ocrx_word' id='word_1_588' title='bbox 119 2673 141 2706; x_wconf 82' lang='lat'>⁸)</span> <span class='ocrx_word' id='word_1_589' title='bbox 160 2674 213 2701; x_wconf 79' lang='lat' dir='ltr'>Die</span> <span class='ocrx_word' id='word_1_590' title='bbox 228 2675 263 2701; x_wconf 83' lang='grc'>29</span> <span class='ocrx_word' id='word_1_591' title='bbox 278 2675 340 2702; x_wconf 82' lang='lat' dir='ltr'>Oct.</span> <span class='ocrx_word' id='word_1_592' title='bbox 359 2677 435 2707; x_wconf 83' lang='grc'>1479,</span> <span class='ocrx_word' id='word_1_593' title='bbox 452 2677 543 2702; x_wconf 83' lang='lat' dir='ltr'>adhuc</span> <span class='ocrx_word' id='word_1_594' title='bbox 560 2679 699 2711; x_wconf 80' lang='lat' dir='ltr'>protonot.</span> <span class='ocrx_word' id='word_1_595' title='bbox 717 2680 817 2710; x_wconf 63' lang='lat' dir='ltr'>apost„</span> <span class='ocrx_word' id='word_1_596' title='bbox 835 2685 907 2702; x_wconf 89' lang='lat' dir='ltr'>mon.</span> <span class='ocrx_word' id='word_1_597' title='bbox 926 2685 946 2702; x_wconf 91' lang='lat' dir='ltr'>s.</span> <span class='ocrx_word' id='word_1_598' title='bbox 965 2677 1105 2703; x_wconf 86' lang='lat' dir='ltr'>Laurentii</span> 
     </span>
     <span class='ocr_line' id='line_1_61' title="bbox 47 2717 1105 2755; baseline 0.002 -11"><span class='ocrx_word' id='word_1_599' title='bbox 47 2717 208 2745; x_wconf 85' lang='lat' dir='ltr'>Cremonen.</span> <span class='ocrx_word' id='word_1_600' title='bbox 226 2727 286 2745; x_wconf 80' lang='lat' dir='ltr'>vac.</span> <span class='ocrx_word' id='word_1_601' title='bbox 306 2727 354 2754; x_wconf 88' lang='lat' dir='ltr'>per</span> <span class='ocrx_word' id='word_1_602' title='bbox 370 2720 414 2746; x_wconf 91' lang='lat' dir='ltr'>ob.</span> <span class='ocrx_word' id='word_1_603' title='bbox 433 2721 533 2747; x_wconf 75' lang='lat' dir='ltr'>Jacobi</span> <span class='ocrx_word' id='word_1_604' title='bbox 550 2721 623 2747; x_wconf 86' lang='lat' dir='ltr'>card.</span> <span class='ocrx_word' id='word_1_605' title='bbox 643 2721 755 2755; x_wconf 86' lang='lat' dir='ltr'>Papien.</span> <span class='ocrx_word' id='word_1_606' title='bbox 774 2721 802 2746; x_wconf 83' lang='lat' dir='ltr'>in</span> <span class='ocrx_word' id='word_1_607' title='bbox 819 2729 917 2747; x_wconf 88' lang='lat' dir='ltr'>comm.</span> <span class='ocrx_word' id='word_1_608' title='bbox 937 2721 1105 2751; x_wconf 80' lang='lat' dir='ltr'>obtinuerat,</span> 
     </span>
     <span class='ocr_line' id='line_1_62' title="bbox 47 2765 1105 2798; baseline 0.003 -10"><span class='ocrx_word' id='word_1_609' title='bbox 47 2765 190 2789; x_wconf 77' lang='lat' dir='ltr'>reservata</span> <span class='ocrx_word' id='word_1_610' title='bbox 214 2771 307 2789; x_wconf 85' lang='lat' dir='ltr'>annua</span> <span class='ocrx_word' id='word_1_611' title='bbox 330 2772 405 2798; x_wconf 87' lang='lat' dir='ltr'>pens.</span> <span class='ocrx_word' id='word_1_612' title='bbox 431 2766 483 2791; x_wconf 88' lang='grc'>500</span> <span class='ocrx_word' id='word_1_613' title='bbox 507 2765 535 2791; x_wconf 84' lang='lat' dir='ltr'>fl.</span> <span class='ocrx_word' id='word_1_614' title='bbox 556 2765 659 2791; x_wconf 83' lang='lat' dir='ltr'>Joanni</span> <span class='ocrx_word' id='word_1_615' title='bbox 675 2765 748 2790; x_wconf 87' lang='lat' dir='ltr'>card.</span> <span class='ocrx_word' id='word_1_616' title='bbox 768 2765 926 2795; x_wconf 67' lang='lat' dir='ltr'>Novarien„</span> <span class='ocrx_word' id='word_1_617' title='bbox 951 2765 996 2790; x_wconf 90' lang='lat' dir='ltr'>die</span> <span class='ocrx_word' id='word_1_618' title='bbox 1011 2768 1105 2791; x_wconf 86' lang='lat' dir='ltr'>autem</span> 
     </span>
    </p>

    <p class='ocr_par' dir='ltr' id='par_1_21' title="bbox 0 2806 1106 2887">
     <span class='ocr_line' id='line_1_63' title="bbox 2 2806 1106 2843; baseline 0.003 -11"><span class='ocrx_word' id='word_1_619' title='bbox 2 2835 4 2837; x_wconf 73' lang='lat'>.</span> <span class='ocrx_word' id='word_1_620' title='bbox 47 2806 66 2833; x_wconf 83' lang='grc'>6</span> <span class='ocrx_word' id='word_1_621' title='bbox 85 2806 141 2833; x_wconf 83' lang='lat' dir='ltr'>Jul.</span> <span class='ocrx_word' id='word_1_622' title='bbox 161 2807 228 2833; x_wconf 78' lang='lat'>149⁹</span> <span class='ocrx_word' id='word_1_623' title='bbox 247 2815 320 2834; x_wconf 85' lang='lat' dir='ltr'>mon.</span> <span class='ocrx_word' id='word_1_624' title='bbox 339 2816 361 2834; x_wconf 88' lang='grc'>8.</span> <span class='ocrx_word' id='word_1_625' title='bbox 380 2808 499 2835; x_wconf 86' lang='lat' dir='ltr'>Victoris</span> <span class='ocrx_word' id='word_1_626' title='bbox 516 2809 662 2835; x_wconf 75' lang='lat' dir='ltr'>Mediolan.</span> <span class='ocrx_word' id='word_1_627' title='bbox 688 2810 837 2843; x_wconf 71' lang='lat' dir='ltr'>resignavit</span> <span class='ocrx_word' id='word_1_628' title='bbox 856 2809 1106 2835; x_wconf 85' lang='lat' dir='ltr'>commendandum</span> 
     </span>
     <span class='ocr_line' id='line_1_64' title="bbox 0 2849 1104 2887; baseline 0.003 -11"><span class='ocrx_word' id='word_1_629' title='bbox 0 2871 4 2877; x_wconf 49' lang='lat'>2</span> <span class='ocrx_word' id='word_1_630' title='bbox 49 2849 176 2877; x_wconf 69' lang='lat' dir='ltr'>Andreae</span> <span class='ocrx_word' id='word_1_631' title='bbox 202 2851 237 2877; x_wconf 90' lang='grc'>(18</span> <span class='ocrx_word' id='word_1_632' title='bbox 262 2851 400 2883; x_wconf 82' lang='lat' dir='ltr'>Galarate,</span> <span class='ocrx_word' id='word_1_633' title='bbox 419 2855 558 2887; x_wconf 84' lang='lat' dir='ltr'>protonot.</span> <span class='ocrx_word' id='word_1_634' title='bbox 587 2856 676 2887; x_wconf 89' lang='lat' dir='ltr'>apost.</span> <span class='ocrx_word' id='word_1_635' title='bbox 706 2853 764 2886; x_wconf 88' lang='lat' dir='ltr'>(AC</span> <span class='ocrx_word' id='word_1_636' title='bbox 783 2853 887 2879; x_wconf 88' lang='lat' dir='ltr'>Camer.</span> <span class='ocrx_word' id='word_1_637' title='bbox 907 2854 921 2879; x_wconf 95' lang='lat' dir='ltr'><strong>I</strong></span> <span class='ocrx_word' id='word_1_638' title='bbox 940 2853 957 2879; x_wconf 78' lang='lat' dir='ltr'>f.</span> <span class='ocrx_word' id='word_1_639' title='bbox 978 2854 1031 2886; x_wconf 88' lang='lat'>75).</span> <span class='ocrx_word' id='word_1_640' title='bbox 1050 2853 1104 2880; x_wconf 75' lang='lat' dir='ltr'>cfr.</span> 
     </span>
    </p>
   </div>
   <div class='ocr_carea' id='block_1_20' title="bbox 0 2893 1107 2966">
    <p class='ocr_par' dir='ltr' id='par_1_22' title="bbox 0 2893 1107 2966">
     <span class='ocr_line' id='line_1_65' title="bbox 0 2893 1107 2966; baseline 0.003 -46"><span class='ocrx_word' id='word_1_641' title='bbox 0 2895 11 2910; x_wconf 74' lang='grc'>“·”</span> <span class='ocrx_word' id='word_1_642' title='bbox 46 2893 122 2966; x_wconf 51' lang='grc' dir='ltr'>ειη).</span> <span class='ocrx_word' id='word_1_643' title='bbox 141 2895 155 2921; x_wconf 95' lang='grc' dir='ltr'>Ι</span> <span class='ocrx_word' id='word_1_644' title='bbox 173 2903 213 2921; x_wconf 86' lang='lat' dir='ltr'>nr.</span> <span class='ocrx_word' id='word_1_645' title='bbox 232 2896 293 2927; x_wconf 80' lang='lat'>541,</span> <span class='ocrx_word' id='word_1_646' title='bbox 311 2897 372 2927; x_wconf 85' lang='grc'>566,</span> <span class='ocrx_word' id='word_1_647' title='bbox 389 2897 450 2928; x_wconf 88' lang='grc'>567,</span> <span class='ocrx_word' id='word_1_648' title='bbox 468 2898 520 2924; x_wconf 89' lang='grc'>580</span> <span class='ocrx_word' id='word_1_649' title='bbox 537 2898 597 2928; x_wconf 84' lang='grc'>614,</span> <span class='ocrx_word' id='word_1_650' title='bbox 615 2898 680 2928; x_wconf 72' lang='lat'>638,</span> <span class='ocrx_word' id='word_1_651' title='bbox 704 2897 750 2923; x_wconf 87' lang='lat' dir='ltr'>lib.</span> <span class='ocrx_word' id='word_1_652' title='bbox 770 2897 799 2923; x_wconf 96' lang='lat' dir='ltr'>II</span> <span class='ocrx_word' id='word_1_653' title='bbox 817 2906 837 2923; x_wconf 87' lang='lat' dir='ltr'>s.</span> <span class='ocrx_word' id='word_1_654' title='bbox 857 2906 883 2923; x_wconf 92' lang='lat' dir='ltr'>v.</span> <span class='ocrx_word' id='word_1_655' title='bbox 902 2898 1059 2923; x_wconf 82' lang='lat' dir='ltr'>Malleacen.</span> <span class='ocrx_word' id='word_1_656' title='bbox 1078 2901 1107 2924; x_wconf 87' lang='lat' dir='ltr'>et</span> 
     </span>
     <span class='ocr_line' id='line_1_66' title="bbox 74 2946 181 2966; baseline -0.009 0"><span class='ocrx_word' id='word_1_657' title='bbox 74 2946 181 2966; x_wconf 65' lang='lat' dir='ltr'>lennen-</span> 
     </span>
    </p>
   </div>
   <div class='ocr_carea' id='block_1_21' title="bbox 0 2906 45 3171">
    <p class='ocr_par' dir='ltr' id='par_1_23' title="bbox 0 2906 45 3171">
     <span class='ocr_line' id='line_1_67' title="bbox 0 2906 45 3171; baseline 0 157"><span class='ocrx_word' id='word_1_658' title='bbox 0 2906 45 3171; x_wconf 95' lang='lat' dir='ltr'> </span> 
     </span>
    </p>
   </div>
   <div class='ocr_carea' id='block_1_22' title="bbox 1149 1224 1161 2842">
    <p class='ocr_par' dir='ltr' id='par_1_24' title="bbox 1149 1224 1161 2842">
     <span class='ocr_line' id='line_1_68' title="bbox 1149 1224 1161 2842; baseline 0 0"><span class='ocrx_word' id='word_1_659' title='bbox 1149 1224 1161 2842; x_wconf 95' lang='lat' dir='ltr'> </span> 
     </span>
    </p>
   </div>
   <div class='ocr_carea' id='block_1_23' title="bbox 1203 1229 2268 2985">
    <p class='ocr_par' dir='ltr' id='par_1_25' title="bbox 1203 1229 2267 2896">
     <span class='ocr_line' id='line_1_69' title="bbox 1274 1229 2263 1265; baseline 0.002 -10"><span class='ocrx_word' id='word_1_660' title='bbox 1274 1229 1296 1262; x_wconf 59' lang='grc'>3)</span> <span class='ocrx_word' id='word_1_661' title='bbox 1316 1230 1367 1255; x_wconf 89' lang='lat' dir='ltr'>Die</span> <span class='ocrx_word' id='word_1_662' title='bbox 1383 1230 1478 1255; x_wconf 89' lang='lat' dir='ltr'>Lunae</span> <span class='ocrx_word' id='word_1_663' title='bbox 1494 1231 1510 1256; x_wconf 89' lang='lat'><strong>6</strong></span> <span class='ocrx_word' id='word_1_664' title='bbox 1526 1231 1626 1256; x_wconf 87' lang='lat' dir='ltr'>mensis</span> <span class='ocrx_word' id='word_1_665' title='bbox 1642 1230 1759 1264; x_wconf 85' lang='lat' dir='ltr'>Augusti</span> <span class='ocrx_word' id='word_1_666' title='bbox 1775 1239 1799 1256; x_wconf 91' lang='lat' dir='ltr'>a.</span> <span class='ocrx_word' id='word_1_667' title='bbox 1819 1231 1885 1256; x_wconf 89' lang='lat'>1492</span> <span class='ocrx_word' id='word_1_668' title='bbox 1901 1234 1965 1264; x_wconf 90' lang='lat' dir='ltr'>post</span> <span class='ocrx_word' id='word_1_669' title='bbox 1980 1231 2091 1256; x_wconf 86' lang='lat' dir='ltr'>missam</span> <span class='ocrx_word' id='word_1_670' title='bbox 2107 1231 2142 1257; x_wconf 88' lang='lat' dir='ltr'>de</span> <span class='ocrx_word' id='word_1_671' title='bbox 2159 1231 2263 1265; x_wconf 90' lang='lat' dir='ltr'>Spiritu</span> 
     </span>
     <span class='ocr_line' id='line_1_70' title="bbox 1204 1274 2262 1308; baseline 0.002 -9"><span class='ocrx_word' id='word_1_672' title='bbox 1204 1277 1300 1300; x_wconf 86' lang='lat' dir='ltr'>sancto</span> <span class='ocrx_word' id='word_1_673' title='bbox 1317 1274 1484 1300; x_wconf 82' lang='lat' dir='ltr'>celebratam</span> <span class='ocrx_word' id='word_1_674' title='bbox 1502 1283 1550 1308; x_wconf 90' lang='lat' dir='ltr'>per</span> <span class='ocrx_word' id='word_1_675' title='bbox 1567 1275 1711 1300; x_wconf 81' lang='lat' dir='ltr'>Julianum</span> <span class='ocrx_word' id='word_1_676' title='bbox 1729 1283 1770 1308; x_wconf 86' lang='lat' dir='ltr'>ep.</span> <span class='ocrx_word' id='word_1_677' title='bbox 1790 1275 1894 1300; x_wconf 86' lang='lat' dir='ltr'>Ostien.</span> <span class='ocrx_word' id='word_1_678' title='bbox 1913 1275 1986 1300; x_wconf 89' lang='lat' dir='ltr'>card.</span> <span class='ocrx_word' id='word_1_679' title='bbox 2005 1284 2025 1300; x_wconf 92' lang='lat' dir='ltr'>s.</span> <span class='ocrx_word' id='word_1_680' title='bbox 2045 1276 2120 1301; x_wconf 86' lang='lat' dir='ltr'>Petri</span> <span class='ocrx_word' id='word_1_681' title='bbox 2137 1275 2172 1301; x_wconf 88' lang='lat' dir='ltr'>ad</span> <span class='ocrx_word' id='word_1_682' title='bbox 2190 1276 2262 1301; x_wconf 89' lang='lat' dir='ltr'>vinc.</span> 
     </span>
     <span class='ocr_line' id='line_1_71' title="bbox 1203 1318 2263 1353; baseline 0.002 -10"><span class='ocrx_word' id='word_1_683' title='bbox 1203 1318 1232 1343; x_wconf 90' lang='lat' dir='ltr'>in</span> <span class='ocrx_word' id='word_1_684' title='bbox 1249 1318 1306 1344; x_wconf 90' lang='lat' dir='ltr'>bas.</span> <span class='ocrx_word' id='word_1_685' title='bbox 1325 1319 1409 1352; x_wconf 85' lang='lat' dir='ltr'>princ.</span> <span class='ocrx_word' id='word_1_686' title='bbox 1429 1322 1517 1352; x_wconf 82' lang='lat' dir='ltr'>apost.</span> <span class='ocrx_word' id='word_1_687' title='bbox 1537 1318 1571 1344; x_wconf 91' lang='lat' dir='ltr'>de</span> <span class='ocrx_word' id='word_1_688' title='bbox 1587 1318 1671 1349; x_wconf 89' lang='lat' dir='ltr'>Urbe,</span> <span class='ocrx_word' id='word_1_689' title='bbox 1690 1319 1718 1344; x_wconf 90' lang='lat' dir='ltr'>in</span> <span class='ocrx_word' id='word_1_690' title='bbox 1735 1327 1790 1352; x_wconf 89' lang='lat' dir='ltr'>qua</span> <span class='ocrx_word' id='word_1_691' title='bbox 1808 1319 1898 1344; x_wconf 81' lang='lat' dir='ltr'>oravit</span> <span class='ocrx_word' id='word_1_692' title='bbox 1915 1319 2102 1345; x_wconf 86' lang='lat' dir='ltr'>Bernardinus</span> <span class='ocrx_word' id='word_1_693' title='bbox 2118 1319 2263 1353; x_wconf 88' lang='lat' dir='ltr'>Carvagial</span> 
     </span>
     <span class='ocr_line' id='line_1_72' title="bbox 1203 1362 2262 1397; baseline 0.001 -9"><span class='ocrx_word' id='word_1_694' title='bbox 1203 1371 1245 1396; x_wconf 91' lang='lat' dir='ltr'>ep.</span> <span class='ocrx_word' id='word_1_695' title='bbox 1263 1362 1361 1388; x_wconf 86' lang='lat' dir='ltr'>Pacen.</span> <span class='ocrx_word' id='word_1_696' title='bbox 1380 1362 1419 1394; x_wconf 88' lang='lat' dir='ltr'>(hi</span> <span class='ocrx_word' id='word_1_697' title='bbox 1435 1363 1480 1394; x_wconf 88' lang='lat'>23)</span> <span class='ocrx_word' id='word_1_698' title='bbox 1496 1362 1648 1388; x_wconf 84' lang='lat' dir='ltr'>cardinales</span> <span class='ocrx_word' id='word_1_699' title='bbox 1664 1363 1838 1388; x_wconf 84' lang='lat' dir='ltr'>intraverunt</span> <span class='ocrx_word' id='word_1_700' title='bbox 1854 1363 1984 1389; x_wconf 87' lang='lat' dir='ltr'>conclave</span> <span class='ocrx_word' id='word_1_701' title='bbox 2000 1364 2028 1388; x_wconf 90' lang='lat' dir='ltr'>in</span> <span class='ocrx_word' id='word_1_702' title='bbox 2043 1364 2142 1396; x_wconf 80' lang='lat' dir='ltr'>majori</span> <span class='ocrx_word' id='word_1_703' title='bbox 2158 1364 2262 1397; x_wconf 90' lang='lat' dir='ltr'>capella</span> 
     </span>
     <span class='ocr_line' id='line_1_73' title="bbox 1204 1406 2262 1440; baseline 0.001 -8"><span class='ocrx_word' id='word_1_704' title='bbox 1204 1406 1300 1440; x_wconf 88' lang='lat' dir='ltr'>palatii</span> <span class='ocrx_word' id='word_1_705' title='bbox 1323 1407 1488 1440; x_wconf 86' lang='lat' dir='ltr'>(apostolici)</span> <span class='ocrx_word' id='word_1_706' title='bbox 1512 1415 1561 1440; x_wconf 89' lang='lat' dir='ltr'>pro</span> <span class='ocrx_word' id='word_1_707' title='bbox 1583 1407 1715 1432; x_wconf 87' lang='lat' dir='ltr'>electione</span> <span class='ocrx_word' id='word_1_708' title='bbox 1738 1407 1825 1432; x_wconf 81' lang='lat' dir='ltr'>futuri</span> <span class='ocrx_word' id='word_1_709' title='bbox 1847 1407 1995 1440; x_wconf 82' lang='lat' dir='ltr'>pontificis,</span> <span class='ocrx_word' id='word_1_710' title='bbox 2018 1416 2067 1433; x_wconf 88' lang='lat' dir='ltr'>sc.:</span> <span class='ocrx_word' id='word_1_711' title='bbox 2091 1407 2262 1433; x_wconf 88' lang='lat' dir='ltr'>Vicecancel-</span> 
     </span>
     <span class='ocr_line' id='line_1_74' title="bbox 1203 1450 2263 1484; baseline 0.001 -8"><span class='ocrx_word' id='word_1_712' title='bbox 1203 1451 1286 1476; x_wconf 88' lang='lat' dir='ltr'>larius</span> <span class='ocrx_word' id='word_1_713' title='bbox 1300 1450 1359 1481; x_wconf 89' lang='lat' dir='ltr'>(IV,</span> <span class='ocrx_word' id='word_1_714' title='bbox 1373 1452 1409 1482; x_wconf 91' lang='lat'>3),</span> <span class='ocrx_word' id='word_1_715' title='bbox 1423 1451 1623 1484; x_wconf 86' lang='lat' dir='ltr'>Neapolitanus</span> <span class='ocrx_word' id='word_1_716' title='bbox 1636 1451 1695 1483; x_wconf 90' lang='lat' dir='ltr'>(IV,</span> <span class='ocrx_word' id='word_1_717' title='bbox 1709 1452 1746 1482; x_wconf 90' lang='lat'>4),</span> <span class='ocrx_word' id='word_1_718' title='bbox 1768 1460 1788 1477; x_wconf 89' lang='lat' dir='ltr'>s.</span> <span class='ocrx_word' id='word_1_719' title='bbox 1803 1451 1877 1477; x_wconf 89' lang='lat' dir='ltr'>Petri</span> <span class='ocrx_word' id='word_1_720' title='bbox 1890 1451 1925 1476; x_wconf 89' lang='lat' dir='ltr'>ad</span> <span class='ocrx_word' id='word_1_721' title='bbox 1938 1452 2008 1477; x_wconf 86' lang='lat' dir='ltr'>vinc.</span> <span class='ocrx_word' id='word_1_722' title='bbox 2033 1452 2107 1483; x_wconf 89' lang='lat' dir='ltr'>(VII,</span> <span class='ocrx_word' id='word_1_723' title='bbox 2122 1452 2158 1484; x_wconf 87' lang='lat'>2),</span> <span class='ocrx_word' id='word_1_724' title='bbox 2171 1460 2191 1477; x_wconf 90' lang='lat' dir='ltr'>s.</span> <span class='ocrx_word' id='word_1_725' title='bbox 2205 1452 2263 1477; x_wconf 90' lang='lat' dir='ltr'>Ma-</span> 
     </span>
     <span class='ocr_line' id='line_1_75' title="bbox 1203 1495 2263 1528; baseline 0.001 -8"><span class='ocrx_word' id='word_1_726' title='bbox 1203 1496 1259 1520; x_wconf 90' lang='lat' dir='ltr'>riae</span> <span class='ocrx_word' id='word_1_727' title='bbox 1279 1495 1307 1520; x_wconf 90' lang='lat' dir='ltr'>in</span> <span class='ocrx_word' id='word_1_728' title='bbox 1327 1495 1439 1520; x_wconf 89' lang='lat' dir='ltr'>Porticu</span> <span class='ocrx_word' id='word_1_729' title='bbox 1461 1495 1520 1526; x_wconf 86' lang='lat' dir='ltr'>(VI,</span> <span class='ocrx_word' id='word_1_730' title='bbox 1541 1496 1578 1526; x_wconf 90' lang='lat'>9),</span> <span class='ocrx_word' id='word_1_731' title='bbox 1599 1504 1618 1520; x_wconf 93' lang='grc'>8.</span> <span class='ocrx_word' id='word_1_732' title='bbox 1641 1495 1737 1528; x_wconf 87' lang='lat' dir='ltr'>Angeli</span> <span class='ocrx_word' id='word_1_733' title='bbox 1758 1495 1817 1526; x_wconf 86' lang='lat' dir='ltr'>(VI,</span> <span class='ocrx_word' id='word_1_734' title='bbox 1840 1497 1892 1527; x_wconf 90' lang='grc'>10),</span> <span class='ocrx_word' id='word_1_735' title='bbox 1913 1495 2107 1521; x_wconf 86' lang='lat' dir='ltr'>Ulixbonensis</span> <span class='ocrx_word' id='word_1_736' title='bbox 2128 1496 2187 1527; x_wconf 87' lang='lat' dir='ltr'>(VI,</span> <span class='ocrx_word' id='word_1_737' title='bbox 2210 1497 2263 1527; x_wconf 95' lang='lat' dir='ltr'>ll),</span> 
     </span>
     <span class='ocr_line' id='line_1_76' title="bbox 1204 1539 2260 1572; baseline 0.001 -8"><span class='ocrx_word' id='word_1_738' title='bbox 1204 1539 1401 1564; x_wconf 84' lang='lat' dir='ltr'>Recanatensis</span> <span class='ocrx_word' id='word_1_739' title='bbox 1418 1539 1493 1570; x_wconf 89' lang='lat' dir='ltr'>(VII,</span> <span class='ocrx_word' id='word_1_740' title='bbox 1512 1540 1564 1571; x_wconf 89' lang='lat'>17),</span> <span class='ocrx_word' id='word_1_741' title='bbox 1581 1548 1602 1565; x_wconf 90' lang='lat' dir='ltr'>s.</span> <span class='ocrx_word' id='word_1_742' title='bbox 1620 1539 1767 1565; x_wconf 84' lang='lat' dir='ltr'>Clementis</span> <span class='ocrx_word' id='word_1_743' title='bbox 1784 1540 1859 1571; x_wconf 92' lang='lat' dir='ltr'>(VII,</span> <span class='ocrx_word' id='word_1_744' title='bbox 1876 1540 1930 1571; x_wconf 88' lang='lat'>23),</span> <span class='ocrx_word' id='word_1_745' title='bbox 1949 1540 2097 1566; x_wconf 84' lang='lat' dir='ltr'>-Januensis</span> <span class='ocrx_word' id='word_1_746' title='bbox 2114 1540 2188 1572; x_wconf 93' lang='lat' dir='ltr'>(VII,</span> <span class='ocrx_word' id='word_1_747' title='bbox 2206 1541 2260 1572; x_wconf 88' lang='grc'>24),</span> 
     </span>
     <span class='ocr_line' id='line_1_77' title="bbox 1203 1583 2260 1616; baseline 0.002 -8"><span class='ocrx_word' id='word_1_748' title='bbox 1203 1583 1238 1609; x_wconf 86' lang='grc'>(18</span> <span class='ocrx_word' id='word_1_749' title='bbox 1254 1583 1361 1609; x_wconf 86' lang='lat' dir='ltr'>Comite</span> <span class='ocrx_word' id='word_1_750' title='bbox 1379 1583 1453 1615; x_wconf 91' lang='lat' dir='ltr'>(VII,</span> <span class='ocrx_word' id='word_1_751' title='bbox 1472 1584 1526 1615; x_wconf 89' lang='grc'>29),</span> <span class='ocrx_word' id='word_1_752' title='bbox 1545 1584 1699 1609; x_wconf 81' lang='lat' dir='ltr'>Parmensis</span> <span class='ocrx_word' id='word_1_753' title='bbox 1717 1584 1792 1615; x_wconf 81' lang='lat' dir='ltr'>(VII,</span> <span class='ocrx_word' id='word_1_754' title='bbox 1810 1584 1864 1615; x_wconf 90' lang='lat'>32),</span> <span class='ocrx_word' id='word_1_755' title='bbox 1884 1584 2096 1610; x_wconf 82' lang='lat' dir='ltr'>Beneventanus</span> <span class='ocrx_word' id='word_1_756' title='bbox 2114 1584 2205 1616; x_wconf 80' lang='lat' dir='ltr'>(VIII,</span> <span class='ocrx_word' id='word_1_757' title='bbox 2226 1585 2260 1616; x_wconf 89' lang='lat'>1),</span> 
     </span>
     <span class='ocr_line' id='line_1_78' title="bbox 1203 1627 2260 1661; baseline 0.002 -9"><span class='ocrx_word' id='word_1_758' title='bbox 1203 1627 1349 1653; x_wconf 89' lang='lat' dir='ltr'>Aleriensis</span> <span class='ocrx_word' id='word_1_759' title='bbox 1367 1627 1457 1659; x_wconf 83' lang='lat' dir='ltr'>(VIII,</span> <span class='ocrx_word' id='word_1_760' title='bbox 1477 1628 1513 1659; x_wconf 88' lang='lat'>2),</span> <span class='ocrx_word' id='word_1_761' title='bbox 1532 1636 1552 1653; x_wconf 88' lang='lat' dir='ltr'>s.</span> <span class='ocrx_word' id='word_1_762' title='bbox 1571 1627 1734 1653; x_wconf 85' lang='lat' dir='ltr'>Anastasiae</span> <span class='ocrx_word' id='word_1_763' title='bbox 1753 1628 1843 1659; x_wconf 90' lang='lat' dir='ltr'>(VIII,</span> <span class='ocrx_word' id='word_1_764' title='bbox 1862 1629 1898 1660; x_wconf 89' lang='lat'>3),</span> <span class='ocrx_word' id='word_1_765' title='bbox 1917 1628 2095 1654; x_wconf 70' lang='lat' dir='ltr'>venetiarum</span> <span class='ocrx_word' id='word_1_766' title='bbox 2114 1628 2204 1661; x_wconf 89' lang='lat' dir='ltr'>(VIII,</span> <span class='ocrx_word' id='word_1_767' title='bbox 2223 1629 2260 1660; x_wconf 88' lang='grc'>6),</span> 
     </span>
     <span class='ocr_line' id='line_1_79' title="bbox 1205 1671 2262 1705; baseline 0 -7"><span class='ocrx_word' id='word_1_768' title='bbox 1205 1672 1331 1698; x_wconf 83' lang='lat' dir='ltr'>Senensis</span> <span class='ocrx_word' id='word_1_769' title='bbox 1351 1671 1395 1703; x_wconf 91' lang='lat' dir='ltr'>(V,</span> <span class='ocrx_word' id='word_1_770' title='bbox 1415 1673 1452 1703; x_wconf 87' lang='lat'>5),</span> <span class='ocrx_word' id='word_1_771' title='bbox 1472 1680 1492 1697; x_wconf 88' lang='lat' dir='ltr'>s.</span> <span class='ocrx_word' id='word_1_772' title='bbox 1515 1671 1623 1705; x_wconf 86' lang='lat' dir='ltr'>Georgii</span> <span class='ocrx_word' id='word_1_773' title='bbox 1643 1672 1718 1704; x_wconf 91' lang='lat' dir='ltr'>(VII,</span> <span class='ocrx_word' id='word_1_774' title='bbox 1739 1672 1792 1704; x_wconf 82' lang='lat'>22),</span> <span class='ocrx_word' id='word_1_775' title='bbox 1815 1672 1939 1698; x_wconf 80' lang='lat' dir='ltr'>Sabellus</span> <span class='ocrx_word' id='word_1_776' title='bbox 1959 1672 2033 1704; x_wconf 91' lang='lat' dir='ltr'>(VII,</span> <span class='ocrx_word' id='word_1_777' title='bbox 2054 1673 2108 1704; x_wconf 88' lang='lat'>27),</span> <span class='ocrx_word' id='word_1_778' title='bbox 2128 1672 2262 1699; x_wconf 85' lang='lat' dir='ltr'>Columna</span> 
     </span>
     <span class='ocr_line' id='line_1_80' title="bbox 1204 1715 2261 1748; baseline 0 -6"><span class='ocrx_word' id='word_1_779' title='bbox 1204 1715 1280 1748; x_wconf 81' lang='lat' dir='ltr'>(VII,</span> <span class='ocrx_word' id='word_1_780' title='bbox 1293 1716 1347 1747; x_wconf 85' lang='lat'>28),</span> <span class='ocrx_word' id='word_1_781' title='bbox 1361 1716 1477 1742; x_wconf 89' lang='lat' dir='ltr'>Ursinus</span> <span class='ocrx_word' id='word_1_782' title='bbox 1490 1716 1565 1748; x_wconf 86' lang='lat' dir='ltr'>(VII,</span> <span class='ocrx_word' id='word_1_783' title='bbox 1578 1716 1633 1748; x_wconf 90' lang='grc'>33),</span> <span class='ocrx_word' id='word_1_784' title='bbox 1646 1716 1780 1742; x_wconf 87' lang='lat' dir='ltr'>Ascanius</span> <span class='ocrx_word' id='word_1_785' title='bbox 1793 1716 1868 1747; x_wconf 91' lang='lat' dir='ltr'>(VII,</span> <span class='ocrx_word' id='word_1_786' title='bbox 1881 1717 1936 1748; x_wconf 83' lang='lat'>34),</span> <span class='ocrx_word' id='word_1_787' title='bbox 1949 1717 1983 1742; x_wconf 91' lang='lat' dir='ltr'>de</span> <span class='ocrx_word' id='word_1_788' title='bbox 1995 1717 2107 1742; x_wconf 82' lang='lat' dir='ltr'>Medicis</span> <span class='ocrx_word' id='word_1_789' title='bbox 2120 1716 2211 1748; x_wconf 88' lang='lat' dir='ltr'>(VIII,</span> <span class='ocrx_word' id='word_1_790' title='bbox 2224 1717 2261 1748; x_wconf 88' lang='lat'>7),</span> 
     </span>
     <span class='ocr_line' id='line_1_81' title="bbox 1204 1760 2263 1794; baseline 0.001 -9"><span class='ocrx_word' id='word_1_791' title='bbox 1204 1769 1224 1785; x_wconf 91' lang='lat' dir='ltr'>s.</span> <span class='ocrx_word' id='word_1_792' title='bbox 1247 1760 1368 1786; x_wconf 89' lang='lat' dir='ltr'>Severini</span> <span class='ocrx_word' id='word_1_793' title='bbox 1388 1760 1478 1792; x_wconf 90' lang='lat' dir='ltr'>(VIII,</span> <span class='ocrx_word' id='word_1_794' title='bbox 1498 1761 1533 1792; x_wconf 86' lang='lat'>8).</span> <span class='ocrx_word' id='word_1_795' title='bbox 1553 1775 1589 1778; x_wconf 97' lang='lat'><strong>—</strong></span> <span class='ocrx_word' id='word_1_796' title='bbox 1606 1760 1665 1786; x_wconf 90' lang='lat' dir='ltr'>NB.</span> <span class='ocrx_word' id='word_1_797' title='bbox 1685 1760 1821 1786; x_wconf 88' lang='lat' dir='ltr'>Absentes</span> <span class='ocrx_word' id='word_1_798' title='bbox 1839 1761 1922 1794; x_wconf 85' lang='lat' dir='ltr'>igitur</span> <span class='ocrx_word' id='word_1_799' title='bbox 1940 1764 2030 1786; x_wconf 87' lang='lat' dir='ltr'>erant:</span> <span class='ocrx_word' id='word_1_800' title='bbox 2063 1761 2263 1794; x_wconf 80' lang='lat' dir='ltr'>Segobricensis</span> 
     </span>
     <span class='ocr_line' id='line_1_82' title="bbox 1205 1804 2261 1838; baseline 0.001 -9"><span class='ocrx_word' id='word_1_801' title='bbox 1205 1812 1252 1829; x_wconf 88' lang='lat' dir='ltr'>seu</span> <span class='ocrx_word' id='word_1_802' title='bbox 1278 1804 1423 1829; x_wconf 79' lang='lat' dir='ltr'>Ilei-densis</span> <span class='ocrx_word' id='word_1_803' title='bbox 1449 1804 1509 1836; x_wconf 88' lang='lat' dir='ltr'>(IV,</span> <span class='ocrx_word' id='word_1_804' title='bbox 1536 1805 1570 1836; x_wconf 88' lang='grc'>1),</span> <span class='ocrx_word' id='word_1_805' title='bbox 1598 1804 1765 1838; x_wconf 87' lang='lat' dir='ltr'>Seguntinus</span> <span class='ocrx_word' id='word_1_806' title='bbox 1780 1813 1827 1830; x_wconf 91' lang='lat' dir='ltr'>seu</span> <span class='ocrx_word' id='word_1_807' title='bbox 1842 1805 1991 1830; x_wconf 87' lang='lat' dir='ltr'>Toletanus</span> <span class='ocrx_word' id='word_1_808' title='bbox 2007 1805 2081 1836; x_wconf 92' lang='lat' dir='ltr'>(VII,</span> <span class='ocrx_word' id='word_1_809' title='bbox 2097 1806 2134 1836; x_wconf 88' lang='lat'>6),</span> <span class='ocrx_word' id='word_1_810' title='bbox 2159 1805 2261 1830; x_wconf 89' lang='lat' dir='ltr'>Burde-</span> 
     </span>
     <span class='ocr_line' id='line_1_83' title="bbox 1204 1848 2263 1882; baseline 0.001 -9"><span class='ocrx_word' id='word_1_811' title='bbox 1204 1848 1322 1882; x_wconf 86' lang='lat' dir='ltr'>galensis</span> <span class='ocrx_word' id='word_1_812' title='bbox 1338 1848 1429 1880; x_wconf 91' lang='lat' dir='ltr'>(VIII,</span> <span class='ocrx_word' id='word_1_813' title='bbox 1445 1849 1482 1880; x_wconf 90' lang='grc'>4),</span> <span class='ocrx_word' id='word_1_814' title='bbox 1499 1857 1615 1882; x_wconf 85' lang='lat' dir='ltr'>magnus</span> <span class='ocrx_word' id='word_1_815' title='bbox 1627 1849 1757 1882; x_wconf 89' lang='lat' dir='ltr'>magister</span> <span class='ocrx_word' id='word_1_816' title='bbox 1773 1848 1865 1874; x_wconf 86' lang='lat' dir='ltr'>Rhodi</span> <span class='ocrx_word' id='word_1_817' title='bbox 1881 1849 1971 1881; x_wconf 91' lang='lat' dir='ltr'>(VIII,</span> <span class='ocrx_word' id='word_1_818' title='bbox 1987 1850 2023 1881; x_wconf 88' lang='lat'>5).</span> <span class='ocrx_word' id='word_1_819' title='bbox 2034 1864 2070 1867; x_wconf 97' lang='lat'><strong>—</strong></span> <span class='ocrx_word' id='word_1_820' title='bbox 2082 1849 2133 1874; x_wconf 90' lang='lat' dir='ltr'>Die</span> <span class='ocrx_word' id='word_1_821' title='bbox 2147 1849 2263 1874; x_wconf 86' lang='lat' dir='ltr'>Sabbati</span> 
     </span>
     <span class='ocr_line' id='line_1_84' title="bbox 1207 1892 2261 1926; baseline 0 -8"><span class='ocrx_word' id='word_1_822' title='bbox 1207 1893 1237 1918; x_wconf 93' lang='lat' dir='ltr'>ll</span> <span class='ocrx_word' id='word_1_823' title='bbox 1262 1893 1362 1918; x_wconf 86' lang='lat' dir='ltr'>mensis</span> <span class='ocrx_word' id='word_1_824' title='bbox 1385 1892 1503 1926; x_wconf 84' lang='lat' dir='ltr'>Augusti</span> <span class='ocrx_word' id='word_1_825' title='bbox 1528 1893 1594 1918; x_wconf 86' lang='lat'>1492</span> <span class='ocrx_word' id='word_1_826' title='bbox 1617 1892 1651 1918; x_wconf 90' lang='lat' dir='ltr'>de</span> <span class='ocrx_word' id='word_1_827' title='bbox 1674 1901 1754 1918; x_wconf 87' lang='lat' dir='ltr'>mane</span> <span class='ocrx_word' id='word_1_828' title='bbox 1777 1893 1848 1918; x_wconf 88' lang='lat' dir='ltr'>circa</span> <span class='ocrx_word' id='word_1_829' title='bbox 1871 1893 1966 1918; x_wconf 88' lang='lat' dir='ltr'>horam</span> <span class='ocrx_word' id='word_1_830' title='bbox 1991 1894 2020 1918; x_wconf 94' lang='lat'>11</span> <span class='ocrx_word' id='word_1_831' title='bbox 2046 1893 2197 1918; x_wconf 84' lang='lat' dir='ltr'>Rodericus</span> <span class='ocrx_word' id='word_1_832' title='bbox 2219 1901 2261 1926; x_wconf 87' lang='lat' dir='ltr'>ep.</span> 
     </span>
     <span class='ocr_line' id='line_1_85' title="bbox 1206 1936 2263 1970; baseline -0.001 -8"><span class='ocrx_word' id='word_1_833' title='bbox 1206 1937 1336 1962; x_wconf 89' lang='lat' dir='ltr'>Portuen.</span> <span class='ocrx_word' id='word_1_834' title='bbox 1366 1936 1392 1962; x_wconf 86' lang='lat' dir='ltr'>S.</span> <span class='ocrx_word' id='word_1_835' title='bbox 1420 1937 1453 1962; x_wconf 84' lang='lat' dir='ltr'>R.</span> <span class='ocrx_word' id='word_1_836' title='bbox 1481 1937 1512 1962; x_wconf 88' lang='lat' dir='ltr'>E.</span> <span class='ocrx_word' id='word_1_837' title='bbox 1540 1937 1776 1962; x_wconf 84' lang='lat' dir='ltr'>vicecancellarius</span> <span class='ocrx_word' id='word_1_838' title='bbox 1801 1940 1960 1970; x_wconf 87' lang='lat' dir='ltr'>assumptus</span> <span class='ocrx_word' id='word_1_839' title='bbox 1986 1937 2038 1963; x_wconf 81' lang='lat' dir='ltr'>fuit</span> <span class='ocrx_word' id='word_1_840' title='bbox 2063 1937 2099 1962; x_wconf 86' lang='lat' dir='ltr'>ad</span> <span class='ocrx_word' id='word_1_841' title='bbox 2124 1945 2263 1962; x_wconf 89' lang='lat' dir='ltr'>summum</span> 
     </span>
     <span class='ocr_line' id='line_1_86' title="bbox 1207 1981 2264 2014; baseline -0.001 -8"><span class='ocrx_word' id='word_1_842' title='bbox 1207 1981 1313 2014; x_wconf 88' lang='lat' dir='ltr'>apicem</span> <span class='ocrx_word' id='word_1_843' title='bbox 1336 1981 1509 2014; x_wconf 89' lang='lat' dir='ltr'>apostolatus</span> <span class='ocrx_word' id='word_1_844' title='bbox 1532 1984 1560 2006; x_wconf 88' lang='lat' dir='ltr'>et</span> <span class='ocrx_word' id='word_1_845' title='bbox 1583 1983 1699 2006; x_wconf 90' lang='lat' dir='ltr'>vocatus</span> <span class='ocrx_word' id='word_1_846' title='bbox 1722 1981 1878 2006; x_wconf 86' lang='lat' dir='ltr'>Alexander</span> <span class='ocrx_word' id='word_1_847' title='bbox 1901 1981 1952 2011; x_wconf 84' lang='lat' dir='ltr'>V1;</span> <span class='ocrx_word' id='word_1_848' title='bbox 1986 1984 2014 2006; x_wconf 88' lang='lat' dir='ltr'>et</span> <span class='ocrx_word' id='word_1_849' title='bbox 2037 1982 2188 2006; x_wconf 79' lang='lat' dir='ltr'>associatus</span> <span class='ocrx_word' id='word_1_850' title='bbox 2211 1981 2264 2006; x_wconf 80' lang='lat' dir='ltr'>fuit</span> 
     </span>
     <span class='ocr_line' id='line_1_87' title="bbox 1207 2025 2264 2059; baseline 0 -9"><span class='ocrx_word' id='word_1_851' title='bbox 1207 2025 1241 2050; x_wconf 90' lang='lat' dir='ltr'>de</span> <span class='ocrx_word' id='word_1_852' title='bbox 1263 2025 1395 2055; x_wconf 88' lang='lat' dir='ltr'>conclavi,</span> <span class='ocrx_word' id='word_1_853' title='bbox 1419 2025 1494 2058; x_wconf 89' lang='lat' dir='ltr'>quod</span> <span class='ocrx_word' id='word_1_854' title='bbox 1516 2025 1622 2050; x_wconf 84' lang='lat' dir='ltr'>factum</span> <span class='ocrx_word' id='word_1_855' title='bbox 1644 2028 1686 2050; x_wconf 89' lang='lat' dir='ltr'>est</span> <span class='ocrx_word' id='word_1_856' title='bbox 1707 2025 1735 2050; x_wconf 89' lang='lat' dir='ltr'>in</span> <span class='ocrx_word' id='word_1_857' title='bbox 1757 2025 1862 2059; x_wconf 88' lang='lat' dir='ltr'>capella</span> <span class='ocrx_word' id='word_1_858' title='bbox 1884 2025 1988 2058; x_wconf 83' lang='lat' dir='ltr'>palatii,</span> <span class='ocrx_word' id='word_1_859' title='bbox 2011 2034 2098 2059; x_wconf 87' lang='lat' dir='ltr'>usque</span> <span class='ocrx_word' id='word_1_860' title='bbox 2120 2025 2156 2050; x_wconf 91' lang='lat' dir='ltr'>ad</span> <span class='ocrx_word' id='word_1_861' title='bbox 2177 2025 2264 2050; x_wconf 83' lang='lat' dir='ltr'>altare</span> 
     </span>
     <span class='ocr_line' id='line_1_88' title="bbox 1208 2069 2262 2102; baseline 0 -8"><span class='ocrx_word' id='word_1_862' title='bbox 1208 2077 1228 2094; x_wconf 91' lang='lat' dir='ltr'>s.</span> <span class='ocrx_word' id='word_1_863' title='bbox 1248 2069 1323 2094; x_wconf 89' lang='lat' dir='ltr'>Petri</span> <span class='ocrx_word' id='word_1_864' title='bbox 1341 2072 1369 2094; x_wconf 89' lang='lat' dir='ltr'>et</span> <span class='ocrx_word' id='word_1_865' title='bbox 1387 2069 1517 2094; x_wconf 86' lang='lat' dir='ltr'>reductus</span> <span class='ocrx_word' id='word_1_866' title='bbox 1535 2069 1563 2094; x_wconf 92' lang='lat' dir='ltr'>in</span> <span class='ocrx_word' id='word_1_867' title='bbox 1581 2069 1716 2102; x_wconf 87' lang='lat' dir='ltr'>palatium</span> <span class='ocrx_word' id='word_1_868' title='bbox 1734 2078 1797 2094; x_wconf 87' lang='lat' dir='ltr'>cum</span> <span class='ocrx_word' id='word_1_869' title='bbox 1815 2069 1942 2094; x_wconf 91' lang='lat' dir='ltr'>omnibus</span> <span class='ocrx_word' id='word_1_870' title='bbox 1960 2069 2044 2099; x_wconf 61' lang='lat' dir='ltr'>card„</span> <span class='ocrx_word' id='word_1_871' title='bbox 2062 2072 2095 2094; x_wconf 89' lang='lat' dir='ltr'>ut</span> <span class='ocrx_word' id='word_1_872' title='bbox 2113 2069 2195 2094; x_wconf 86' lang='lat' dir='ltr'>moris</span> <span class='ocrx_word' id='word_1_873' title='bbox 2213 2071 2262 2094; x_wconf 84' lang='lat' dir='ltr'>est.</span> 
     </span>
     <span class='ocr_line' id='line_1_89' title="bbox 1208 2113 2264 2147; baseline 0 -9"><span class='ocrx_word' id='word_1_874' title='bbox 1208 2113 1260 2138; x_wconf 88' lang='lat' dir='ltr'>Die</span> <span class='ocrx_word' id='word_1_875' title='bbox 1278 2113 1423 2138; x_wconf 89' lang='lat' dir='ltr'>Dominica</span> <span class='ocrx_word' id='word_1_876' title='bbox 1441 2113 1474 2138; x_wconf 90' lang='lat'>26</span> <span class='ocrx_word' id='word_1_877' title='bbox 1492 2113 1561 2146; x_wconf 89' lang='lat' dir='ltr'>Aug.</span> <span class='ocrx_word' id='word_1_878' title='bbox 1583 2114 1649 2139; x_wconf 92' lang='grc'>1492</span> <span class='ocrx_word' id='word_1_879' title='bbox 1667 2113 1823 2139; x_wconf 86' lang='lat' dir='ltr'>Alexander</span> <span class='ocrx_word' id='word_1_880' title='bbox 1840 2122 1913 2147; x_wconf 82' lang='lat' dir='ltr'>papa</span> <span class='ocrx_word' id='word_1_881' title='bbox 1930 2113 1969 2139; x_wconf 91' lang='lat' dir='ltr'>VI</span> <span class='ocrx_word' id='word_1_882' title='bbox 1988 2117 2051 2147; x_wconf 83' lang='lat' dir='ltr'>post</span> <span class='ocrx_word' id='word_1_883' title='bbox 2069 2114 2180 2138; x_wconf 86' lang='lat' dir='ltr'>missam</span> <span class='ocrx_word' id='word_1_884' title='bbox 2198 2113 2264 2138; x_wconf 87' lang='lat' dir='ltr'>cele-</span> 
     </span>
     <span class='ocr_line' id='line_1_90' title="bbox 1210 2157 2265 2183; baseline 0 -1"><span class='ocrx_word' id='word_1_885' title='bbox 1210 2157 1319 2183; x_wconf 86' lang='lat' dir='ltr'>bratam</span> <span class='ocrx_word' id='word_1_886' title='bbox 1334 2157 1369 2182; x_wconf 87' lang='lat' dir='ltr'>ad</span> <span class='ocrx_word' id='word_1_887' title='bbox 1385 2157 1471 2183; x_wconf 85' lang='lat' dir='ltr'>altare</span> <span class='ocrx_word' id='word_1_888' title='bbox 1486 2166 1506 2182; x_wconf 90' lang='lat' dir='ltr'>s.</span> <span class='ocrx_word' id='word_1_889' title='bbox 1524 2157 1598 2183; x_wconf 88' lang='lat' dir='ltr'>Petri</span> <span class='ocrx_word' id='word_1_890' title='bbox 1613 2158 1729 2183; x_wconf 86' lang='lat' dir='ltr'>servatis</span> <span class='ocrx_word' id='word_1_891' title='bbox 1743 2158 1871 2183; x_wconf 84' lang='lat' dir='ltr'>omnibus</span> <span class='ocrx_word' id='word_1_892' title='bbox 1886 2158 2044 2183; x_wconf 87' lang='lat' dir='ltr'>ceremoniis</span> <span class='ocrx_word' id='word_1_893' title='bbox 2059 2157 2197 2182; x_wconf 84' lang='lat' dir='ltr'>consuetis</span> <span class='ocrx_word' id='word_1_894' title='bbox 2212 2157 2265 2182; x_wconf 80' lang='lat' dir='ltr'>fuit</span> 
     </span>
     <span class='ocr_line' id='line_1_91' title="bbox 1209 2201 2265 2234; baseline 0 -8"><span class='ocrx_word' id='word_1_895' title='bbox 1209 2204 1356 2227; x_wconf 87' lang='lat' dir='ltr'>coronatus</span> <span class='ocrx_word' id='word_1_896' title='bbox 1370 2202 1398 2226; x_wconf 90' lang='lat' dir='ltr'>in</span> <span class='ocrx_word' id='word_1_897' title='bbox 1411 2201 1542 2234; x_wconf 86' lang='lat' dir='ltr'>gradibus</span> <span class='ocrx_word' id='word_1_898' title='bbox 1555 2210 1575 2227; x_wconf 85' lang='grc'>8.</span> <span class='ocrx_word' id='word_1_899' title='bbox 1591 2202 1666 2227; x_wconf 87' lang='lat' dir='ltr'>Petri</span> <span class='ocrx_word' id='word_1_900' title='bbox 1679 2204 1708 2227; x_wconf 86' lang='lat' dir='ltr'>et</span> <span class='ocrx_word' id='word_1_901' title='bbox 1721 2201 1820 2227; x_wconf 89' lang='lat' dir='ltr'>deinde</span> <span class='ocrx_word' id='word_1_902' title='bbox 1833 2202 1984 2227; x_wconf 85' lang='lat' dir='ltr'>associatus</span> <span class='ocrx_word' id='word_1_903' title='bbox 1998 2211 2015 2227; x_wconf 87' lang='lat' dir='ltr'>a</span> <span class='ocrx_word' id='word_1_904' title='bbox 2028 2202 2059 2227; x_wconf 90' lang='grc'>21</span> <span class='ocrx_word' id='word_1_905' title='bbox 2076 2201 2148 2226; x_wconf 79' lang='lat' dir='ltr'>card.</span> <span class='ocrx_word' id='word_1_906' title='bbox 2164 2204 2192 2226; x_wconf 89' lang='lat' dir='ltr'>et</span> <span class='ocrx_word' id='word_1_907' title='bbox 2206 2201 2265 2226; x_wconf 87' lang='lat' dir='ltr'>aliis</span> 
     </span>
     <span class='ocr_line' id='line_1_92' title="bbox 1210 2245 2265 2279; baseline 0 -8"><span class='ocrx_word' id='word_1_908' title='bbox 1210 2245 1340 2279; x_wconf 78' lang='lat' dir='ltr'>praelatis</span> <span class='ocrx_word' id='word_1_909' title='bbox 1353 2246 1381 2270; x_wconf 90' lang='lat' dir='ltr'>in</span> <span class='ocrx_word' id='word_1_910' title='bbox 1395 2245 1609 2279; x_wconf 82' lang='lat' dir='ltr'>pontificalibus,</span> <span class='ocrx_word' id='word_1_911' title='bbox 1623 2249 1656 2271; x_wconf 90' lang='lat' dir='ltr'>ut</span> <span class='ocrx_word' id='word_1_912' title='bbox 1669 2247 1751 2271; x_wconf 88' lang='lat' dir='ltr'>moris</span> <span class='ocrx_word' id='word_1_913' title='bbox 1764 2249 1815 2276; x_wconf 89' lang='lat' dir='ltr'>est,</span> <span class='ocrx_word' id='word_1_914' title='bbox 1829 2249 1858 2271; x_wconf 92' lang='lat' dir='ltr'>et</span> <span class='ocrx_word' id='word_1_915' title='bbox 1871 2254 1933 2271; x_wconf 90' lang='lat' dir='ltr'>cum</span> <span class='ocrx_word' id='word_1_916' title='bbox 1947 2249 2078 2271; x_wconf 85' lang='lat' dir='ltr'>consueta</span> <span class='ocrx_word' id='word_1_917' title='bbox 2092 2245 2265 2271; x_wconf 77' lang='lat' dir='ltr'>solemnitate</span> 
     </span>
     <span class='ocr_line' id='line_1_93' title="bbox 1210 2289 2265 2323; baseline -0.002 -8"><span class='ocrx_word' id='word_1_918' title='bbox 1210 2290 1261 2315; x_wconf 89' lang='lat' dir='ltr'>ivit</span> <span class='ocrx_word' id='word_1_919' title='bbox 1286 2289 1321 2314; x_wconf 85' lang='lat' dir='ltr'>ad</span> <span class='ocrx_word' id='word_1_920' title='bbox 1346 2298 1366 2315; x_wconf 91' lang='grc'>8.</span> <span class='ocrx_word' id='word_1_921' title='bbox 1394 2289 1531 2315; x_wconf 84' lang='lat' dir='ltr'>Joannem</span> <span class='ocrx_word' id='word_1_922' title='bbox 1556 2290 1718 2315; x_wconf 84' lang='lat' dir='ltr'>Lateranen.</span> <span class='ocrx_word' id='word_1_923' title='bbox 1755 2290 1847 2323; x_wconf 88' lang='lat' dir='ltr'>ibique</span> <span class='ocrx_word' id='word_1_924' title='bbox 1872 2291 1978 2323; x_wconf 88' lang='lat' dir='ltr'>accepit</span> <span class='ocrx_word' id='word_1_925' title='bbox 2003 2290 2199 2323; x_wconf 86' lang='lat' dir='ltr'>possessionem</span> <span class='ocrx_word' id='word_1_926' title='bbox 2224 2289 2265 2314; x_wconf 92' lang='lat' dir='ltr'>sui</span> 
     </span>
     <span class='ocr_line' id='line_1_94' title="bbox 1210 2333 2265 2367; baseline -0.001 -8"><span class='ocrx_word' id='word_1_927' title='bbox 1210 2334 1384 2367; x_wconf 82' lang='lat' dir='ltr'>episcopatus</span> <span class='ocrx_word' id='word_1_928' title='bbox 1407 2333 1569 2359; x_wconf 81' lang='lat' dir='ltr'>Lateranen.</span> <span class='ocrx_word' id='word_1_929' title='bbox 1593 2337 1621 2359; x_wconf 89' lang='lat' dir='ltr'>et</span> <span class='ocrx_word' id='word_1_930' title='bbox 1643 2334 1739 2359; x_wconf 88' lang='lat' dir='ltr'>eadem</span> <span class='ocrx_word' id='word_1_931' title='bbox 1761 2334 1805 2359; x_wconf 91' lang='lat' dir='ltr'>die</span> <span class='ocrx_word' id='word_1_932' title='bbox 1827 2335 1898 2359; x_wconf 85' lang='lat' dir='ltr'>circa</span> <span class='ocrx_word' id='word_1_933' title='bbox 1920 2334 2015 2359; x_wconf 85' lang='lat' dir='ltr'>horam</span> <span class='ocrx_word' id='word_1_934' title='bbox 2038 2334 2155 2367; x_wconf 82' lang='lat' dir='ltr'>primam</span> <span class='ocrx_word' id='word_1_935' title='bbox 2177 2333 2265 2358; x_wconf 84' lang='lat' dir='ltr'>noctis</span> 
     </span>
     <span class='ocr_line' id='line_1_95' title="bbox 1210 2377 2263 2412; baseline -0.002 -9"><span class='ocrx_word' id='word_1_936' title='bbox 1210 2378 1361 2403; x_wconf 81' lang='lat' dir='ltr'>associatus</span> <span class='ocrx_word' id='word_1_937' title='bbox 1375 2386 1392 2403; x_wconf 85' lang='lat' dir='ltr'>a</span> <span class='ocrx_word' id='word_1_938' title='bbox 1406 2377 1479 2403; x_wconf 87' lang='lat' dir='ltr'>card.</span> <span class='ocrx_word' id='word_1_939' title='bbox 1496 2386 1543 2411; x_wconf 85' lang='lat' dir='ltr'>per</span> <span class='ocrx_word' id='word_1_940' title='bbox 1557 2378 1631 2403; x_wconf 86' lang='lat' dir='ltr'>viam</span> <span class='ocrx_word' id='word_1_941' title='bbox 1646 2378 1843 2404; x_wconf 87' lang='lat' dir='ltr'>Transtiberim</span> <span class='ocrx_word' id='word_1_942' title='bbox 1858 2378 1939 2404; x_wconf 88' lang='lat' dir='ltr'>rediit</span> <span class='ocrx_word' id='word_1_943' title='bbox 1954 2379 1981 2403; x_wconf 90' lang='lat' dir='ltr'>in</span> <span class='ocrx_word' id='word_1_944' title='bbox 1996 2378 2130 2412; x_wconf 81' lang='lat' dir='ltr'>palatium</span> <span class='ocrx_word' id='word_1_945' title='bbox 2145 2386 2164 2403; x_wconf 90' lang='lat' dir='ltr'>s.</span> <span class='ocrx_word' id='word_1_946' title='bbox 2182 2377 2263 2402; x_wconf 86' lang='lat' dir='ltr'>Petri.</span> 
     </span>
     <span class='ocr_line' id='line_1_96' title="bbox 1210 2421 2265 2456; baseline -0.002 -8"><span class='ocrx_word' id='word_1_947' title='bbox 1210 2422 1265 2448; x_wconf 79' lang='lat' dir='ltr'>cfr.</span> <span class='ocrx_word' id='word_1_948' title='bbox 1292 2421 1337 2447; x_wconf 87' lang='lat' dir='ltr'>AC</span> <span class='ocrx_word' id='word_1_949' title='bbox 1367 2421 1478 2447; x_wconf 88' lang='lat' dir='ltr'>Miscell.</span> <span class='ocrx_word' id='word_1_950' title='bbox 1505 2422 1550 2447; x_wconf 96' lang='lat' dir='ltr'>III</span> <span class='ocrx_word' id='word_1_951' title='bbox 1576 2422 1594 2447; x_wconf 75' lang='lat' dir='ltr'>f.</span> <span class='ocrx_word' id='word_1_952' title='bbox 1624 2423 1635 2448; x_wconf 95' lang='lat'>1</span> <span class='ocrx_word' id='word_1_953' title='bbox 1665 2426 1693 2448; x_wconf 88' lang='lat' dir='ltr'>et</span> <span class='ocrx_word' id='word_1_954' title='bbox 1719 2422 1790 2456; x_wconf 90' lang='lat' dir='ltr'>App.</span> <span class='ocrx_word' id='word_1_955' title='bbox 1819 2422 1832 2448; x_wconf 98' lang='lat' dir='ltr'>I</span> <span class='ocrx_word' id='word_1_956' title='bbox 1868 2431 1907 2448; x_wconf 87' lang='lat' dir='ltr'>nr.</span> <span class='ocrx_word' id='word_1_957' title='bbox 1938 2424 1998 2453; x_wconf 87' lang='grc'>551,</span> <span class='ocrx_word' id='word_1_958' title='bbox 2027 2424 2086 2452; x_wconf 83' lang='grc'>558,</span> <span class='ocrx_word' id='word_1_959' title='bbox 2116 2423 2176 2452; x_wconf 87' lang='grc'>559,</span> <span class='ocrx_word' id='word_1_960' title='bbox 2205 2422 2265 2451; x_wconf 87' lang='grc'>569,</span> 
     </span>
     <span class='ocr_line' id='line_1_97' title="bbox 1211 2465 2266 2499; baseline -0.002 -8"><span class='ocrx_word' id='word_1_961' title='bbox 1211 2467 1271 2496; x_wconf 90' lang='grc'>580,</span> <span class='ocrx_word' id='word_1_962' title='bbox 1293 2467 1353 2496; x_wconf 89' lang='grc'>581,</span> <span class='ocrx_word' id='word_1_963' title='bbox 1375 2466 1435 2496; x_wconf 87' lang='grc'>590,</span> <span class='ocrx_word' id='word_1_964' title='bbox 1457 2466 1517 2496; x_wconf 85' lang='grc'>608,</span> <span class='ocrx_word' id='word_1_965' title='bbox 1539 2467 1599 2497; x_wconf 89' lang='grc'>611,</span> <span class='ocrx_word' id='word_1_966' title='bbox 1621 2467 1680 2497; x_wconf 87' lang='grc'>648,</span> <span class='ocrx_word' id='word_1_967' title='bbox 1702 2467 1762 2497; x_wconf 90' lang='grc'>649,</span> <span class='ocrx_word' id='word_1_968' title='bbox 1784 2468 1844 2497; x_wconf 88' lang='grc'>655,</span> <span class='ocrx_word' id='word_1_969' title='bbox 1866 2467 1924 2492; x_wconf 87' lang='grc'>660.</span> <span class='ocrx_word' id='word_1_970' title='bbox 1947 2481 1982 2484; x_wconf 87' lang='lat'>——</span> <span class='ocrx_word' id='word_1_971' title='bbox 2003 2467 2068 2492; x_wconf 86' lang='lat' dir='ltr'>Jam</span> <span class='ocrx_word' id='word_1_972' title='bbox 2089 2474 2171 2499; x_wconf 79' lang='lat' dir='ltr'>supra</span> <span class='ocrx_word' id='word_1_973' title='bbox 2192 2474 2217 2499; x_wconf 87' lang='lat' dir='ltr'>p.</span> <span class='ocrx_word' id='word_1_974' title='bbox 2235 2465 2266 2490; x_wconf 90' lang='grc'>12</span> 
     </span>
     <span class='ocr_line' id='line_1_98' title="bbox 1211 2509 2266 2544; baseline -0.001 -9"><span class='ocrx_word' id='word_1_975' title='bbox 1211 2513 1268 2535; x_wconf 87' lang='lat' dir='ltr'>not.</span> <span class='ocrx_word' id='word_1_976' title='bbox 1289 2510 1305 2536; x_wconf 92' lang='lat'>3</span> <span class='ocrx_word' id='word_1_977' title='bbox 1323 2509 1452 2540; x_wconf 83' lang='lat' dir='ltr'>diximus,</span> <span class='ocrx_word' id='word_1_978' title='bbox 1472 2519 1520 2543; x_wconf 89' lang='lat' dir='ltr'>per</span> <span class='ocrx_word' id='word_1_979' title='bbox 1537 2511 1597 2543; x_wconf 84' lang='lat' dir='ltr'>ejus</span> <span class='ocrx_word' id='word_1_980' title='bbox 1615 2511 1832 2544; x_wconf 87' lang='lat' dir='ltr'>assumptionem</span> <span class='ocrx_word' id='word_1_981' title='bbox 1851 2511 1886 2536; x_wconf 87' lang='lat' dir='ltr'>ad</span> <span class='ocrx_word' id='word_1_982' title='bbox 1905 2511 2010 2544; x_wconf 87' lang='lat' dir='ltr'>apicem</span> <span class='ocrx_word' id='word_1_983' title='bbox 2029 2510 2201 2544; x_wconf 82' lang='lat' dir='ltr'>apostolatus</span> <span class='ocrx_word' id='word_1_984' title='bbox 2220 2518 2266 2534; x_wconf 88' lang='lat' dir='ltr'>va-</span> 
     </span>
     <span class='ocr_line' id='line_1_99' title="bbox 1212 2554 2266 2589; baseline -0.001 -10"><span class='ocrx_word' id='word_1_985' title='bbox 1212 2562 1287 2579; x_wconf 86' lang='lat' dir='ltr'>casse</span> <span class='ocrx_word' id='word_1_986' title='bbox 1322 2554 1448 2580; x_wconf 86' lang='lat' dir='ltr'>ecclesias</span> <span class='ocrx_word' id='word_1_987' title='bbox 1484 2554 1668 2585; x_wconf 90' lang='lat' dir='ltr'>Valentinen.,</span> <span class='ocrx_word' id='word_1_988' title='bbox 1704 2555 1872 2588; x_wconf 83' lang='lat' dir='ltr'>Majoricen.,</span> <span class='ocrx_word' id='word_1_989' title='bbox 1910 2555 2112 2589; x_wconf 67' lang='lat' dir='ltr'>Carthaginem,</span> <span class='ocrx_word' id='word_1_990' title='bbox 2148 2554 2266 2587; x_wconf 67' lang='lat' dir='ltr'>Agrien„</span> 
     </span>
     <span class='ocr_line' id='line_1_100' title="bbox 1212 2597 2266 2632; baseline -0.001 -9"><span class='ocrx_word' id='word_1_991' title='bbox 1212 2606 1318 2624; x_wconf 86' lang='lat' dir='ltr'>necnon</span> <span class='ocrx_word' id='word_1_992' title='bbox 1333 2599 1529 2624; x_wconf 83' lang='lat' dir='ltr'>monasterium</span> <span class='ocrx_word' id='word_1_993' title='bbox 1544 2598 1629 2624; x_wconf 89' lang='lat' dir='ltr'>Vallis</span> <span class='ocrx_word' id='word_1_994' title='bbox 1643 2599 1741 2632; x_wconf 82' lang='lat' dir='ltr'>dignae</span> <span class='ocrx_word' id='word_1_995' title='bbox 1756 2599 1787 2625; x_wconf 92' lang='lat' dir='ltr'>O.</span> <span class='ocrx_word' id='word_1_996' title='bbox 1804 2599 1869 2625; x_wconf 87' lang='lat' dir='ltr'>Cist.</span> <span class='ocrx_word' id='word_1_997' title='bbox 1885 2599 1970 2625; x_wconf 91' lang='lat' dir='ltr'>dioec.</span> <span class='ocrx_word' id='word_1_998' title='bbox 1986 2599 2158 2625; x_wconf 86' lang='lat' dir='ltr'>Valentinen.</span> <span class='ocrx_word' id='word_1_999' title='bbox 2176 2597 2266 2623; x_wconf 80' lang='lat' dir='ltr'>Eccle-</span> 
     </span>
     <span class='ocr_line' id='line_1_101' title="bbox 1212 2641 2266 2677; baseline -0.001 -10"><span class='ocrx_word' id='word_1_1000' title='bbox 1212 2642 1280 2668; x_wconf 85' lang='lat' dir='ltr'>siam</span> <span class='ocrx_word' id='word_1_1001' title='bbox 1310 2642 1481 2668; x_wconf 87' lang='lat' dir='ltr'>Valentinen.</span> <span class='ocrx_word' id='word_1_1002' title='bbox 1511 2651 1631 2668; x_wconf 82' lang='lat' dir='ltr'>unacum</span> <span class='ocrx_word' id='word_1_1003' title='bbox 1660 2651 1732 2668; x_wconf 92' lang='lat' dir='ltr'>mon.</span> <span class='ocrx_word' id='word_1_1004' title='bbox 1763 2643 1946 2677; x_wconf 83' lang='lat' dir='ltr'>Vallisdignae</span> <span class='ocrx_word' id='word_1_1005' title='bbox 1985 2644 2083 2669; x_wconf 82' lang='lat' dir='ltr'>Caesar</span> <span class='ocrx_word' id='word_1_1006' title='bbox 2111 2642 2145 2668; x_wconf 91' lang='lat' dir='ltr'>de</span> <span class='ocrx_word' id='word_1_1007' title='bbox 2174 2641 2266 2674; x_wconf 87' lang='lat' dir='ltr'>Borja,</span> 
     </span>
     <span class='ocr_line' id='line_1_102' title="bbox 1214 2686 2265 2720; baseline 0 -9"><span class='ocrx_word' id='word_1_1008' title='bbox 1214 2686 1366 2712; x_wconf 82' lang='lat' dir='ltr'>translatus</span> <span class='ocrx_word' id='word_1_1009' title='bbox 1385 2686 1421 2712; x_wconf 87' lang='lat' dir='ltr'>ab</span> <span class='ocrx_word' id='word_1_1010' title='bbox 1441 2686 1505 2712; x_wconf 87' lang='lat' dir='ltr'>eccl.</span> <span class='ocrx_word' id='word_1_1011' title='bbox 1527 2687 1726 2720; x_wconf 87' lang='lat' dir='ltr'>Pampilonen.‚</span> <span class='ocrx_word' id='word_1_1012' title='bbox 1747 2687 1903 2720; x_wconf 87' lang='lat' dir='ltr'>Majoricen.</span> <span class='ocrx_word' id='word_1_1013' title='bbox 1926 2691 2019 2713; x_wconf 83' lang='lat' dir='ltr'>autem</span> <span class='ocrx_word' id='word_1_1014' title='bbox 2041 2688 2163 2714; x_wconf 80' lang='lat' dir='ltr'>-Joannes</span> <span class='ocrx_word' id='word_1_1015' title='bbox 2184 2686 2265 2719; x_wconf 84' lang='lat' dir='ltr'>Bapt.</span> 
     </span>
     <span class='ocr_line' id='line_1_103' title="bbox 1214 2730 2267 2765; baseline -0.002 -9"><span class='ocrx_word' id='word_1_1016' title='bbox 1214 2730 1287 2756; x_wconf 87' lang='lat' dir='ltr'>card.</span> <span class='ocrx_word' id='word_1_1017' title='bbox 1313 2730 1347 2756; x_wconf 90' lang='lat' dir='ltr'>de</span> <span class='ocrx_word' id='word_1_1018' title='bbox 1374 2730 1497 2761; x_wconf 83' lang='lat' dir='ltr'>Sabellis,</span> <span class='ocrx_word' id='word_1_1019' title='bbox 1519 2731 1711 2765; x_wconf 84' lang='lat' dir='ltr'>Carthaginen.</span> <span class='ocrx_word' id='word_1_1020' title='bbox 1739 2732 1862 2758; x_wconf 82' lang='lat' dir='ltr'>Joannes</span> <span class='ocrx_word' id='word_1_1021' title='bbox 1887 2731 1968 2765; x_wconf 83' lang='lat' dir='ltr'>Bapt.</span> <span class='ocrx_word' id='word_1_1022' title='bbox 1995 2732 2067 2757; x_wconf 82' lang='lat' dir='ltr'>card.</span> <span class='ocrx_word' id='word_1_1023' title='bbox 2094 2732 2128 2757; x_wconf 90' lang='lat' dir='ltr'>de</span> <span class='ocrx_word' id='word_1_1024' title='bbox 2153 2730 2267 2759; x_wconf 87' lang='lat' dir='ltr'>Ursinis,</span> 
     </span>
     <span class='ocr_line' id='line_1_104' title="bbox 1214 2774 2267 2808; baseline -0.001 -8"><span class='ocrx_word' id='word_1_1025' title='bbox 1214 2774 1322 2808; x_wconf 83' lang='lat' dir='ltr'>Agrien.</span> <span class='ocrx_word' id='word_1_1026' title='bbox 1344 2776 1475 2806; x_wconf 80' lang='lat' dir='ltr'>(unacum</span> <span class='ocrx_word' id='word_1_1027' title='bbox 1494 2775 1760 2807; x_wconf 82' lang='lat' dir='ltr'>vicecancellariatu)</span> <span class='ocrx_word' id='word_1_1028' title='bbox 1780 2775 1852 2801; x_wconf 85' lang='lat' dir='ltr'>card.</span> <span class='ocrx_word' id='word_1_1029' title='bbox 1874 2775 2006 2801; x_wconf 87' lang='lat' dir='ltr'>Ascanius</span> <span class='ocrx_word' id='word_1_1030' title='bbox 2028 2776 2129 2802; x_wconf 82' lang='lat' dir='ltr'>Sfortia</span> <span class='ocrx_word' id='word_1_1031' title='bbox 2149 2775 2177 2800; x_wconf 91' lang='lat' dir='ltr'>in</span> <span class='ocrx_word' id='word_1_1032' title='bbox 2195 2782 2267 2799; x_wconf 89' lang='lat' dir='ltr'>com-</span> 
     </span>
     <span class='ocr_line' id='line_1_105' title="bbox 1213 2818 2266 2853; baseline -0.001 -9"><span class='ocrx_word' id='word_1_1033' title='bbox 1213 2818 1342 2844; x_wconf 88' lang='lat' dir='ltr'>mendam</span> <span class='ocrx_word' id='word_1_1034' title='bbox 1356 2827 1404 2844; x_wconf 87' lang='lat' dir='ltr'>seu</span> <span class='ocrx_word' id='word_1_1035' title='bbox 1418 2818 1571 2845; x_wconf 79' lang='lat' dir='ltr'>administr.</span> <span class='ocrx_word' id='word_1_1036' title='bbox 1588 2820 1776 2850; x_wconf 82' lang='lat' dir='ltr'>obtinuerunt,</span> <span class='ocrx_word' id='word_1_1037' title='bbox 1791 2820 1932 2845; x_wconf 82' lang='lat' dir='ltr'>ecclesiam</span> <span class='ocrx_word' id='word_1_1038' title='bbox 1946 2820 2064 2853; x_wconf 89' lang='lat' dir='ltr'>denique</span> <span class='ocrx_word' id='word_1_1039' title='bbox 2079 2818 2266 2853; x_wconf 84' lang='lat' dir='ltr'>Pampilonen.</span> 
     </span>
     <span class='ocr_line' id='line_1_106' title="bbox 1214 2862 2266 2896; baseline 0.002 -8"><span class='ocrx_word' id='word_1_1040' title='bbox 1214 2871 1262 2896; x_wconf 89' lang='lat' dir='ltr'>per</span> <span class='ocrx_word' id='word_1_1041' title='bbox 1279 2862 1373 2888; x_wconf 87' lang='lat' dir='ltr'>transl.</span> <span class='ocrx_word' id='word_1_1042' title='bbox 1392 2863 1514 2889; x_wconf 87' lang='lat' dir='ltr'>Caesaris</span> <span class='ocrx_word' id='word_1_1043' title='bbox 1531 2863 1566 2888; x_wconf 87' lang='lat' dir='ltr'>de</span> <span class='ocrx_word' id='word_1_1044' title='bbox 1584 2864 1668 2896; x_wconf 86' lang='lat' dir='ltr'>Borja</span> <span class='ocrx_word' id='word_1_1045' title='bbox 1686 2872 1744 2889; x_wconf 70' lang='lat' dir='ltr'>vac.</span> <span class='ocrx_word' id='word_1_1046' title='bbox 1764 2864 1946 2889; x_wconf 87' lang='lat' dir='ltr'>Autoniottus</span> <span class='ocrx_word' id='word_1_1047' title='bbox 1964 2864 2037 2890; x_wconf 86' lang='lat' dir='ltr'>card.</span> <span class='ocrx_word' id='word_1_1048' title='bbox 2056 2873 2076 2889; x_wconf 89' lang='lat' dir='ltr'>s.</span> <span class='ocrx_word' id='word_1_1049' title='bbox 2097 2864 2266 2890; x_wconf 83' lang='lat' dir='ltr'>Anastasiae.</span> 
     </span>
    </p>

    <p class='ocr_par' dir='ltr' id='par_1_26' title="bbox 1214 2906 2268 2985">
     <span class='ocr_line' id='line_1_107' title="bbox 1283 2906 2268 2942; baseline 0.002 -10"><span class='ocrx_word' id='word_1_1050' title='bbox 1283 2906 1305 2939; x_wconf 88' lang='lat'>⁷)</span> <span class='ocrx_word' id='word_1_1051' title='bbox 1325 2906 1507 2933; x_wconf 88' lang='lat' dir='ltr'>Postmodum</span> <span class='ocrx_word' id='word_1_1052' title='bbox 1526 2908 1572 2939; x_wconf 84' lang='lat' dir='ltr'>(ab</span> <span class='ocrx_word' id='word_1_1053' title='bbox 1591 2916 1614 2933; x_wconf 87' lang='lat' dir='ltr'>a.</span> <span class='ocrx_word' id='word_1_1054' title='bbox 1637 2908 1715 2940; x_wconf 83' lang='lat'>1494)</span> <span class='ocrx_word' id='word_1_1055' title='bbox 1733 2908 1814 2934; x_wconf 89' lang='lat' dir='ltr'>simul</span> <span class='ocrx_word' id='word_1_1056' title='bbox 1832 2916 1873 2941; x_wconf 89' lang='lat' dir='ltr'>ep.</span> <span class='ocrx_word' id='word_1_1057' title='bbox 1894 2908 2042 2934; x_wconf 85' lang='lat' dir='ltr'>Ferrarien.</span> <span class='ocrx_word' id='word_1_1058' title='bbox 2062 2911 2091 2934; x_wconf 87' lang='lat' dir='ltr'>et</span> <span class='ocrx_word' id='word_1_1059' title='bbox 2109 2911 2180 2942; x_wconf 87' lang='lat' dir='ltr'>patr.</span> <span class='ocrx_word' id='word_1_1060' title='bbox 2199 2907 2268 2933; x_wconf 88' lang='lat' dir='ltr'>Con-</span> 
     </span>
     <span class='ocr_line' id='line_1_108' title="bbox 1214 2951 2213 2985; baseline 0.001 -9"><span class='ocrx_word' id='word_1_1061' title='bbox 1214 2951 1380 2985; x_wconf 82' lang='lat' dir='ltr'>stantinop.;</span> <span class='ocrx_word' id='word_1_1062' title='bbox 1411 2951 1459 2977; x_wconf 76' lang='lat' dir='ltr'>cfr.</span> <span class='ocrx_word' id='word_1_1063' title='bbox 1480 2951 1551 2985; x_wconf 91' lang='lat' dir='ltr'>App.</span> <span class='ocrx_word' id='word_1_1064' title='bbox 1574 2952 1587 2977; x_wconf 97' lang='lat' dir='ltr'><strong>I</strong></span> <span class='ocrx_word' id='word_1_1065' title='bbox 1607 2960 1647 2978; x_wconf 89' lang='lat' dir='ltr'>nr.</span> <span class='ocrx_word' id='word_1_1066' title='bbox 1669 2952 1729 2983; x_wconf 90' lang='grc'>552,</span> <span class='ocrx_word' id='word_1_1067' title='bbox 1750 2953 1810 2983; x_wconf 88' lang='grc'>553,</span> <span class='ocrx_word' id='word_1_1068' title='bbox 1831 2953 1891 2983; x_wconf 86' lang='grc'>556,</span> <span class='ocrx_word' id='word_1_1069' title='bbox 1911 2953 1971 2983; x_wconf 86' lang='grc'>564,</span> <span class='ocrx_word' id='word_1_1070' title='bbox 1992 2953 2052 2983; x_wconf 84' lang='grc'>568,</span> <span class='ocrx_word' id='word_1_1071' title='bbox 2073 2953 2133 2983; x_wconf 84' lang='grc'>576,</span> <span class='ocrx_word' id='word_1_1072' title='bbox 2154 2953 2213 2978; x_wconf 88' lang='lat'>580.</span> 
     </span>
    </p>
   </div>
  </div>
 </body>
</html>
