2436 3328
792 189 893 232 App.
916 189 944 222 Ι.
968 188 1261 224 Annotationes
1283 190 1336 224 ad
1358 193 1458 234 part.
1482 191 1501 225 I

104 285 185 316 'Nom
204 285 243 315 16
272 285 428 324 Philippus
449 285 537 324 (lege2
571 286 716 323 Joannes)
737 286 817 315 card.
840 287 1016 322 „Aeduen.“

24 329 198 373 emunim
211 329 338 359 intravit
351 340 374 359 s.
391 329 517 359 Mariam
531 330 568 359 de
583 330 698 368 Populo
713 330 750 359 de
765 330 846 360 Urbe
861 336 892 360 et
906 331 1016 361 ibidem

22 373 236 410 ;”,οοῢον11;;
257 377 288 402 et
306 373 338 402 in
357 373 522 403 crastinum
542 374 589 403 die
611 375 655 404 17.
677 374 754 404 Nov.
776 375 834 404 fuit
853 375 883 404 in
903 376 1017 414 palatio

25 414 36 420 ’
64 422 86 454 ᾗ,
98 417 198 447 :vlico
209 417 240 446 in
251 417 428 447 consistorio
439 428 504 456 gen.
518 423 654 457 receptus
666 423 698 448 et
708 418 777 448 inde
789 419 953 449 associatus
965 431 1017 458 per

66 460 174 491 :uiuos
198 461 278 490 card.
304 472 398 500 usque
424 462 463 491 ad
488 462 612 492 domum
637 462 833 492 habitationis
858 474 942 499 suae;
969 464 1016 493 die

58 504 61 506 ’
74 507 137 536 tem
150 506 187 535 24
199 505 228 534 N
230 515 277 535 ov.
292 509 430 544 apertum
444 510 490 535 est
503 506 529 535 ei
543 517 575 536 os
588 511 619 536 et
631 507 825 546 participabit
838 507 877 536 ab
890 508 945 537 hoc
958 508 1014 543 die,

66 563 78 574 v
97 553 112 579 t
126 549 231 579 retulit
249 549 321 579 mihi
339 550 418 579 card.
439 550 630 585 „Metensis“‚
649 551 687 580 ad
705 561 844 589 praesens
861 562 883 581 s.
903 552 1015 590 collegii

58 593 222 623 ’Ἀῶ-811118,
263 594 345 623 Arm.
368 594 488 629 XXXI,
510 596 548 624 52
568 595 588 624 f.
611 596 656 624 23.
1038 597 1092 626 153

0 684 35 744 ἒ
107 707 180 738 Jan.
208 708 228 737 3
265 708 345 738 card.
374 708 411 738 de
439 709 637 739 Estouteville
664 709 786 739 veniens
814 710 850 739 de
878 710 1014 748 partibus

1 778 3 782 ,
20 748 175 783 stramine
190 752 305 791 legatus
315 753 352 782 de
367 753 459 782 latere
473 753 600 782 intravit
614 753 736 788 Urbem,
752 754 916 783 associatus
931 765 948 783 a
962 755 1013 784 do—

31 795 121 827 minis
144 796 224 825 card.
247 807 342 836 usque
359 797 399 826 ad
416 797 565 835 palatium
583 802 679 835 apost.
699 801 729 826 et
747 798 815 826 inde
834 798 872 826 ad
890 798 1014 828 domurn

30 849 103 870 suae
123 840 328 876 habitationis,
351 845 381 870 et
401 841 513 879 incepit
532 841 719 880 participare.
761 842 794 871 L.
816 852 840 871 8.
1036 845 1090 873 154

108 884 191 914 Febr.
216 885 233 914 1
269 885 426 914 cardinalis
450 885 582 914 Aeduen.
607 885 727 914 recessit
751 886 788 915 de
813 886 894 915 Urbe
918 886 1014 916 iturus

31 937 134 958 versus
143 933 244 967 partes
253 939 322 958 suas
333 929 524 968 Burgundiae
534 933 565 958 et
575 929 614 958 ab
624 929 674 958 illa
683 929 731 959 die
741 940 802 959 non
811 930 1014 969 participabit.

32 970 66 1002 L.
87 982 112 1001 c.
1036 977 1090 1006 155

107 1016 200 1046 Mart.
218 1016 238 1046 5
264 1016 343 1046 card.
363 1027 406 1052 „s.
425 1017 507 1046 Petri
524 1017 562 1046 ad
580 1017 680 1047 vinc.“
699 1018 852 1054 (Nicolaus
869 1019 906 1048 de
924 1019 1012 1055 Cusa)

32 1059 155 1090 veniens
165 1060 203 1090 de
213 1060 350 1099 partibus
361 1060 557 1090 Alamanniae
568 1061 694 1090 intravit
706 1062 818 1091 Urbem
830 1073 883 1101 per
894 1067 1013 1102 portam

32 1103 144 1135 Mariae
173 1104 211 1133 de
240 1104 355 1143 Populo
385 1109 415 1134 et
445 1104 556 1143 incepit
585 1106 778 1144 participare;
811 1107 861 1145 qui
892 1107 1012 1146 quidem

32 1149 70 1178 29
89 1147 161 1178 Maii
182 1149 256 1178 1453
275 1149 395 1178 recessit
415 1149 454 1178 ab
475 1149 555 1178 Urbe
576 1149 672 1179 iturus
693 1150 731 1179 ad
753 1151 905 1180 ecclesiam
927 1162 1012 1181 suam

33 1190 209 1230 (Brixinen.)
231 1196 262 1222 et
281 1203 341 1222 non
361 1192 524 1231 participat
544 1193 583 1222 ab
604 1193 662 1223 ista
683 1194 739 1223 die.
782 1195 814 1224 L.
837 1205 861 1224 c.
885 1196 904 1224 f.
927 1197 972 1225 24.
1035 1197 1089 1226 156

105 1235 164 1266 Oct.
177 1236 216 1266 30
238 1236 412 1266 Franciscus
424 1247 470 1275 ep.
484 1238 635 1272 Portuen.,
650 1238 916 1274 vicecancellarius,
931 1240 1011 1269 viam

31 1283 78 1312 ut
91 1279 247 1310 universae
261 1280 357 1310 carnis
373 1281 528 1319 ingressus,
546 1281 632 1320 cujus
647 1282 747 1312 anima
763 1294 815 1321 per
830 1283 885 1312 Dei
901 1284 1011 1313 miseri-

30 1323 163 1355 cordiam
182 1324 349 1364 requiescat
368 1325 398 1353 iu
419 1335 502 1364 pace.
544 1326 576 1355 L.
599 1336 623 1355 8.
1033 1330 1086 1359 157

105 1367 180 1403 Νου.
194 1368 214 1398 5
240 1368 404 1398 Guilelmus
418 1369 466 1398 tit.
482 1380 505 1399 s.
524 1370 652 1399 Sabinae
666 1371 764 1409 presb.
781 1372 860 1401 card.
878 1373 1010 1407 „Meten-

30 1411 90 1443 υἰέ*
108 1411 188 1451 vulg.
206 1422 337 1451 nuncup.
357 1413 490 1443 restituit
508 1414 636 1452 sigillum
655 1415 768 1454 collegii
786 1416 817 1444 in
835 1416 1011 1446 consistorio

27 1459 150 1491 moreto,
190 1456 271 1495 quod
301 1457 422 1496 quidem
452 1457 581 1496 sigillum
611 1459 670 1488 fuit
699 1460 885 1498 assignatum
914 1461 1010 1490 Alano

29 1498 79 1531 fit.
95 1510 120 1530 s.
138 1500 281 1530 Praxedis
298 1501 395 1540 presb.
414 1502 494 1531 card.
515 1502 749 1537 „Avinionensi“
768 1505 848 1542 vulg.
867 1515 1008 1543 nuncup.,

29 1540 82 1584 ‘qui
105 1548 223 1574 creatus
247 1545 306 1574 fuit
329 1546 510 1575 camerarius
535 1546 669 1585 ejusdem
694 1548 816 1587 collegii.
867 1549 899 1578 L.
926 1560 950 1578 8.
1033 1550 1087 1579 158

507 1612 610 1646 1454.

30 1695 31 1698 ¹
103 1657 186 1688 Maii
203 1658 241 1688 16
269 1659 427 1689 cardinalis
446 1660 697 1700 Rothomagensis
716 1662 811 1692 exivit
830 1663 942 1693 Urbem
961 1674 1008 1693 ca—

27 1710 112 1743 pons
136 1701 194 1732 iter
218 1713 320 1732 versus
346 1703 503 1734 Franciam
529 1709 560 1734 et
585 1706 748 1745 participat
773 1717 867 1746 usque
892 1708 930 1737 ad
957 1719 1008 1737 sex

25 1751 155 1782 mensem
166 1746 302 1776 absentia
312 1747 377 1786 ejus
389 1749 424 1778 16
434 1748 590 1779 Νον.1454
600 1750 688 1780 finita
698 1761 759 1780 non
770 1751 827 1780 fuit
838 1757 1006 1791 prorogata,

28 1792 131 1820 tamen
147 1789 260 1820 domini
277 1791 356 1820 card.
375 1792 463 1822 certis
481 1803 517 1822 ex
535 1794 631 1823 causis
649 1795 783 1824 fecerunt
800 1795 898 1834 ipsum
916 1797 1007 1835 parti-

27 1833 126 1873 cipare
134 1833 172 1863 de
181 1834 309 1864 ecclesiis
319 1835 468 1866 Vivarien.
480 1841 511 1866 et
521 1838 663 1874 Electen.,
676 1839 784 1878 quibus
795 1840 852 1869 fuit
862 1840 1015 1879 provisum

27 1881 98 1917 post
116 1877 285 1908 absentiam
305 1879 433 1910 finitam.
475 1881 507 1910 L.
530 1892 554 1911 c.
1030 1886 1083 1915 159

109 1945 211 1951 ......
231 1922 331 1952 obitus
345 1924 541 1955 cardinalium
556 1926 701 1956 Ostiensis
717 1929 804 1964 (1453
819 1929 895 1958 Nov.
912 1930 960 1966 25)
977 1933 1007 1958 et

26 1965 248 1996 Cantuariensis
264 1967 350 2004 (1454
366 1968 454 1998 Mart.
471 1970 530 2006 22),
547 1971 658 2000 creatio
673 1972 827 2001 camerarii
843 1983 865 2002 s.
882 1973 1004 2011 collegii.

25 2009 60 2040 L.
81 2019 106 2039 c.
1028 2019 1084 2047 160

503 2061 607 2095 1455.

101 2107 192 2137 Mart.
212 2109 248 2137 24
277 2108 324 2137 die
343 2108 445 2138 Lunae
464 2110 537 2140 hora
555 2111 661 2150 quinta
679 2112 756 2141 circa
773 2117 891 2143 sextam
909 2114 1005 2144 noctis

26 2149 167 2181 Nicolaus
192 2151 218 2181 V
243 2162 330 2181 suum
355 2153 435 2182 diem
459 2154 567 2184 clausit
591 2160 768 2192 extremum,
795 2157 880 2196 cujus
905 2158 1005 2187 anima

23 2194 192 2234 requiescat
211 2195 242 2225 111
262 2206 344 2234 pace.
386 2197 418 2226 L.
441 2208 466 2227 c.
1027 2204 1079 2233 161

99 2239 174 2278 Apr.
192 2239 212 2268 2
239 2240 319 2270 card.
339 2241 530 2275 ‚,Nicaeuus“
548 2243 664 2273 rediens
681 2244 796 2283 legatus
814 2245 851 2274 de
869 2245 1005 2275 Bononia

23 2281 162 2313 introivit
173 2283 285 2314 Urbem
298 2284 371 2314 hora
382 2286 416 2315 21
431 2286 479 2315 vel
491 2286 567 2316 circa
579 2291 610 2316 et
622 2288 726 2317 eadem
737 2288 785 2318 die
797 2289 853 2318 ivit
865 2289 903 2318 ad
915 2300 937 2319 s.
951 2291 1004 2320 Pe-

21 2328 104 2357 hum
123 2327 240 2357 intrans
260 2328 416 2359 consilium
437 2340 506 2360 cum
528 2331 592 2360 aliis
614 2332 823 2362 cardinalibus.
866 2334 898 2363 L.
921 2344 945 2363 c.
1027 2335 1080 2365 162

98 2370 172 2410 Apr.
199 2371 238 2402 28
276 2372 304 2402 S.
333 2373 365 2402 P.
395 2374 543 2410 (Calixtus
569 2376 630 2414 III)
659 2376 818 2415 Georgium
845 2387 890 2416 ep.
916 2378 1003 2407 Prae-

24 2414 132 2445 mtin.
149 2415 188 2445 ad
210 2416 280 2446 eccl.
301 2416 415 2447 Ostien.
435 2428 500 2448 vac.
519 2429 572 2458 per
590 2420 707 2449 obitum
727 2421 852 2450 Joannis
875 2423 915 2459 (v.
933 2433 955 2451 s.
973 2433 1002 2452 n.

22 2458 91 2496 160)
113 2460 269 2490 transtulit
288 2460 367 2498 (Obl.
390 2466 411 2491 t.
435 2463 470 2492 72
492 2463 511 2492 f.
535 2465 592 2500 65).
1026 2468 1080 2497 163

99 2502 191 2533 Junii
201 2503 240 2534 20
262 2510 409 2535 venerunt
422 2516 527 2542 novae,
543 2508 623 2546 quod
639 2508 783 2547 Sbigneus
796 2510 883 2548 episc.
899 2510 1003 2539 Cracc-

23 2545 102 2588 '25⁶²-
128 2550 159 2576 et
183 2547 231 2578 tit.
257 2559 280 2578 s.
307 2549 424 2579 Priscae
449 2551 546 2589 presb.
573 2552 652 2581 card.
679 2553 756 2582 diem
783 2564 871 2583 suum
896 2554 1003 2583 clausit

23 2593 191 2621 extremum
215 2593 242 2629 (1
266 2593 337 2632 Apr.
363 2595 448 2632 1455)
472 2599 503 2624 et
525 2595 572 2625 die
595 2597 629 2625 21
654 2597 727 2626 dicti
751 2597 858 2627 mensis
882 2598 1003 2627 fuerunt

22 2634 190 2665 celebratae
220 2637 376 2676 exequiae;
409 2638 495 2678 cujus
527 2640 627 2669 anima
659 2641 826 2680 requiescat
857 2642 887 2671 in
919 2652 1001 2680 pace.

22 2677 104 2708 Arm.
127 2679 246 2715 XXXI,
267 2682 304 2711 52
325 2681 345 2711 f.
367 2683 413 2712 25.
1024 2687 1078 2716 164

97 2722 176 2762 Sept.
207 2724 245 2754 12
285 2725 364 2755 card.
397 2726 648 2767 Rothomagensis
679 2729 767 2759 rediit
797 2730 833 2759 de
864 2730 1002 2768 partibus

21 2765 166 2797 Franciae
189 2772 220 2797 et
243 2768 370 2799 intravit
392 2770 505 2801 Urbem
529 2771 577 2802 die
601 2772 722 2802 Veneris
745 2774 782 2803 de
807 2784 903 2809 mane,
928 2774 1001 2803 dum

12 2806 186 2846 ¹cardinales
197 2817 284 2842 erant
295 2813 326 2842 in
338 2814 522 2851 consistorio,
536 2820 567 2845 et
579 2816 718 2856 deinceps
730 2818 902 2856 participat.
928 2819 960 2847 L.
975 2828 999 2847 c.
1023 2820 1077 2849 165

7 2892 9 2895 .
95 2855 175 2894 Sept.
198 2856 237 2886 17
268 2857 316 2886 die
338 2857 475 2888 Mercurii
497 2860 576 2890 card.
600 2861 810 2891 Avinionensis
833 2863 947 2900 legatus
970 2862 1000 2891 in

0 2897 178 2933 ''hanciam
196 2901 317 2931 recessit
334 2901 371 2931 de
389 2902 479 2938 Urbe,
499 2904 663 2934 associatus
681 2916 699 2934 a
717 2906 846 2936 dominis
864 2906 943 2935 card.
963 2906 999 2935 de

59 2942 133 2974 latio
147 2954 170 2973 s.
187 2944 268 2974 Petri
285 2955 378 2984 usque
393 2946 432 2976 ad
448 2952 567 2986 portam
582 2959 605 2978 s.
623 2949 716 2984 Pauli,
734 2955 765 2979 et
779 2950 868 2989 juxta
883 2961 905 2979 s.
923 2951 999 2979 Pau-

1201 289 1261 319 lum
1280 289 1406 319 intravit
1423 291 1521 329 galeas
1539 302 1607 321 cum
1625 292 1767 322 comitiva
1785 303 1839 322 sua
1857 294 1984 333 dirigens
2002 294 2059 324 iter
2076 306 2178 325 versus

1200 333 1387 363 Avinionem.
1430 335 1462 364 L.
1484 345 1508 364 c.

1275 378 1353 416 Sept.
1367 379 1405 408 25
1428 389 1504 418 quae
1517 379 1575 408 fuit
1587 380 1649 409 dies
1664 381 1683 410 J
1685 381 1758 416 ovis,
1773 381 1830 410 fuit
1843 382 1957 412 factum
1970 383 2178 414 consistorium

1199 426 1347 452 secretum
1360 427 1391 452 et
1404 423 1562 453 cardinalis
1576 435 1597 453 s.
1614 425 1718 463 Angeli
1732 426 1851 455 recessit
1865 427 1980 465 legatus
1993 427 2023 456 in
2037 428 2177 458 Alaman-

1199 466 1280 495 niam
1299 471 1329 496 et
1348 467 1511 505 Ungariam
1529 468 1565 497 de
1584 479 1671 498 mane
1689 480 1741 508 per
1758 474 1877 508 portam
1896 481 1918 500 s.
1938 472 2048 501 Mariae
2067 472 2103 501 de
2122 474 2176 502 Po-

1198 511 1278 548 pulo.
1320 511 1352 540 L.
1375 522 1399 540 8.

1273 555 1330 584 Oct.
1352 556 1391 585 28
1421 566 1480 595 qua
1501 556 1559 585 fuit
1579 557 1689 586 festum
1710 568 1746 587 ss.
1771 558 1898 588 Simonis
1919 564 1949 588 et
1971 561 2077 595 Judae,
2100 561 2176 591 circa

1199 603 1338 637 quartam
1362 600 1466 629 horam
1490 600 1594 636 noctis,
1622 601 1784 631 Guilelmus
1808 602 1854 632 tit.
1879 614 1901 632 s.
1929 604 2056 633 Sabinae
2079 606 2174 643 presb.

1198 643 1277 672 card.
1298 644 1478 678 „Metensis“
1497 644 1575 674 diem
1593 656 1680 675 suum
1698 646 1805 676 clausit
1822 651 1989 677 extremum
2007 653 2063 678 etc.
2099 650 2130 679 L.
2150 661 2174 679 8.

1677 722 1775 757 1456.

1274 777 1356 806 Maii
1368 778 1406 806 13
1430 778 1562 808 Isidorus
1576 780 1655 808 card.
1672 781 1871 814 „Ruthenus“
1886 783 1980 813 exivit
1994 784 2105 814 Urbem
2120 785 2176 815 iter

1197 831 1285 850 suum
1301 821 1430 860 dirigens
1446 833 1549 852 versus
1566 823 1719 859 Venetias;
1737 825 1776 854 ab
1794 826 1848 855 hac
1865 826 1911 856 die
1929 827 1959 856 in
1976 832 2065 857 antea
2082 840 2175 868 usque

1197 865 1235 893 ad
1255 865 1330 894 duos
1351 877 1465 895 menses
1485 867 1647 906 participat
1667 879 1726 897 non
1747 870 1886 900 obstante
1906 872 2055 908 absentia;
2088 874 2175 904 rediit

1196 909 1273 938 infra
1295 910 1465 939 terminum.
1506 912 1539 940 L.
1561 922 1585 940 c.

1272 954 1363 983 dumi
1373 955 1390 983 1
1413 955 1591 985 camerarius
1603 957 1682 985 card.
1694 957 1898 997 Aquilegensis
1909 960 1946 989 de
1958 971 2045 990 mane
2056 963 2175 992 recessit

1197 997 1233 1026 de
1255 1002 1368 1027 secreto
1391 999 1566 1028 consistorio
1588 1001 1702 1039 legatus
1724 1002 1760 1030 (18
1783 1003 1873 1032 latere
1894 1014 1947 1042 per
1968 1015 2049 1034 mare
2070 1011 2174 1036 contra

1197 1042 1333 1077 Teucros,
1351 1043 1515 1072 associatus
1531 1054 1548 1072 a
1564 1044 1692 1074 dominis
1708 1046 1787 1076 card.
1809 1058 1902 1086 usque
1918 1048 1957 1077 ad
1972 1049 2079 1087 galeas,
2098 1061 2174 1089 quae

1196 1090 1282 1115 erant
1309 1086 1339 1115 in
1368 1087 1446 1125 Ripa
1474 1088 1587 1117 Tiberis
1615 1089 1645 1117 in
1673 1090 1766 1125 Urbe;
1806 1102 1865 1120 non
1902 1096 2004 1122 tamen
2040 1094 2174 1124 discessit

1195 1130 1232 1159 de
1250 1130 1329 1169 Ripa
1347 1136 1428 1166 tunc,
1447 1132 1498 1161 sed
1515 1132 1562 1161 die
1581 1134 1613 1162 11
1632 1133 1705 1163 dicti
1722 1135 1830 1165 mensis
1848 1147 1899 1174 per
1917 1137 2045 1167 Tiberim
2062 1138 2118 1168 ivit
2134 1140 2173 1169 ad

1196 1174 1281 1204 Ostia
1302 1185 1404 1204 versus
1426 1176 1591 1214 Neapolim.
1633 1178 1665 1207 L.
1687 1189 1712 1208 c.

1271 1219 1344 1248 Nov.
1368 1220 1406 1249 16
1438 1220 1552 1250 Ludov.
1577 1221 1624 1250 tit.
1648 1233 1685 1251 ss.
1710 1223 1752 1251 IV
1775 1224 1879 1254 Coron.
1897 1229 1928 1254 et
1944 1225 2107 1256 Rodericus
2123 1228 2170 1258 tit.

1195 1273 1217 1292 s.
1241 1263 1356 1292 Nicolai
1378 1264 1408 1292 iu
1430 1275 1554 1300 carcere,
1578 1271 1701 1304 nepotes
1725 1267 1753 1296 S.
1772 1269 1814 1303 P.,
1838 1268 2028 1299 intraverunt
2050 1271 2171 1308 Urbem,

1195 1307 1334 1336 associati
1346 1308 1375 1336 in
1388 1308 1513 1338 introitu
1525 1314 1629 1348 portae
1641 1321 1659 1339 a
1671 1311 1750 1340 card.
1764 1312 2008 1352 Rothomagensi,
2022 1315 2170 1352 Firmano,

1195 1351 1232 1380 de
1246 1351 1398 1387 Columna,
1414 1357 1444 1382 et
1458 1358 1710 1392 pernoctaverunt
1723 1355 1772 1385 illa
1785 1357 1832 1386 die
1845 1357 1876 1386 in
1890 1358 2011 1387 ecclesia
2024 1370 2046 1388 s.
2062 1360 2172 1390 Mariae

1195 1396 1231 1424 (18
1257 1396 1385 1435 Populo,
1412 1397 1459 1426 die
1484 1408 1555 1427 vero
1580 1400 1614 1428 17
1640 1399 1717 1428 Nov.
1744 1402 1871 1439 praefati
1896 1402 1975 1432 card.
2002 1403 2172 1434 Ludovicus

1195 1444 1226 1469 et
1238 1440 1400 1470 Rodericus
1413 1442 1534 1471 fuerunt
1546 1453 1598 1481 per
1612 1443 1640 1472 S.
1654 1444 1686 1472 P.
1700 1444 1730 1473 in
1741 1446 1869 1483 generali
1881 1446 2056 1477 consistorio
2067 1449 2171 1478 solem-

1194 1484 1272 1513 niter
1289 1486 1408 1524 recepti,
1429 1486 1567 1516 associati
1585 1497 1602 1516 a
1620 1487 1747 1518 dominis
1766 1490 1860 1525 card.;
1881 1490 1988 1529 quibus
2007 1492 2064 1521 fuit
2082 1493 2171 1523 datus

1194 1529 1324 1567 capellus
1338 1530 1446 1559 rubeus
1461 1535 1492 1559 et
1505 1531 1643 1560 associati
1658 1533 1787 1568 fuerunt,
1803 1538 1838 1563 ut
1852 1535 1941 1564 moris
1955 1539 2008 1571 est,
2025 1547 2118 1575 usque
2132 1538 2170 1567 ad

1194 1583 1295 1602 eorum
1330 1574 1548 1604 habitationem
1582 1573 1760 1606 existentem
1793 1578 1824 1607 in
1858 1590 1880 1608 s.
1916 1584 2012 1618 apost.
2047 1581 2168 1619 palatio.

1193 1617 1226 1646 L.
1248 1627 1273 1646 c.
1296 1618 1315 1647 f.
1338 1619 1383 1647 26.

1269 1662 1300 1691 N
1301 1672 1342 1691 ov.
1356 1663 1394 1692 26
1417 1663 1464 1692 die
1477 1664 1591 1693 veneris
1607 1664 1635 1694 S.
1650 1665 1682 1694 P.
1697 1665 1727 1694 in
1740 1667 1914 1697 consistorio
1927 1673 2040 1698 secreto
2053 1670 2170 1708 aperuit

1193 1716 1244 1735 ora
1261 1706 1414 1736 Ludovico
1431 1711 1462 1736 et
1479 1708 1625 1738 Roderico
1642 1710 1720 1739 card.
1740 1711 1882 1749 praefatis
1899 1716 1930 1741 et
1946 1713 1985 1742 ab
2002 1713 2058 1742 hac
2075 1714 2121 1743 die
2138 1714 2169 1744 in

1192 1754 1282 1779 antea
1304 1751 1480 1789 inceperunt
1502 1753 1680 1791 participare
1702 1754 1739 1783 de
1762 1756 1970 1786 communibus
1993 1761 2023 1786 et
2046 1758 2168 1788 minutis

1192 1794 1319 1824 servitiis
1343 1795 1374 1824 in
1398 1796 1494 1825 forma
1517 1796 1594 1826 sicut
1618 1797 1675 1827 alii.
1723 1799 1755 1828 L.
1781 1809 1804 1828 8.

1267 1839 1334 1868 Dec.
1356 1840 1374 1868 1
1399 1840 1418 1869 J
1420 1840 1530 1870 acobus
1542 1841 1621 1870 card.
1635 1852 1657 1871 s.
1671 1842 1825 1872 Eustachii
1837 1845 2000 1874 associatus
2012 1856 2029 1874 a
2040 1846 2168 1876 dominis

1192 1883 1270 1911 card.
1286 1883 1412 1913 intravit
1426 1885 1538 1914 Urbem
1552 1896 1604 1924 per
1618 1891 1736 1924 portam
1751 1897 1772 1916 s.
1789 1888 1899 1917 Mariae
1913 1889 1950 1918 de
1965 1890 2079 1928 Populo
2093 1895 2123 1919 et
2137 1891 2167 1920 in

1192 1926 1378 1957 habitatione
1397 1929 1495 1958 dictae
1514 1939 1536 1958 s.
1557 1930 1667 1959 Mariae
1686 1930 1735 1960 illa
1754 1936 1840 1961 nocte
1859 1932 2010 1968 dormivit,
2031 1934 2078 1963 die
2097 1945 2167 1964 vero

1191 1971 1208 1999 2
1228 1972 1298 2001 Dec.
1319 1977 1455 2011 receptus
1474 1977 1528 2014 est,
1549 1974 1712 2004 associatus
1731 1986 1748 2004 a
1767 1976 1895 2005 dominis
1913 1978 2003 2012 card„
2024 1978 2054 2006 in
2073 1979 2166 2008 consi-

1190 2015 1282 2044 storio
1294 2017 1422 2054 generali
1434 2027 1451 2046 a
1465 2017 1493 2046 S.
1508 2018 1550 2053 P.,
1565 2018 1615 2057 qui
1627 2019 1710 2048 dedit
1721 2019 1747 2048 ei
1759 2021 1905 2058 capellum
1917 2022 2041 2051 rubeum
2049 2033 2055 2057 ;
2069 2027 2099 2051 et
2111 2023 2166 2061 ipsi

1190 2059 1303 2089 domini
1323 2061 1402 2090 card.
1424 2062 1646 2091 associaverunt
1666 2074 1733 2092 eum
1755 2074 1847 2103 usque
1868 2065 1906 2094 ad
1926 2066 2050 2095 domum
2071 2067 2165 2104 (habi-

1190 2103 1335 2141 tationis),
1358 2109 1392 2134 ut
1413 2110 1458 2134 est
1478 2106 1575 2135 moris.
1617 2107 1649 2136 L.
1672 2118 1696 2136 8.

1266 2149 1332 2178 Dec.
1347 2149 1386 2178 10
1409 2149 1504 2179 eidem
1520 2151 1539 2179 J
1542 2151 1635 2180 acobo
1648 2151 1723 2181 diac.
1738 2153 1817 2182 card.
1834 2153 2012 2183 Ulixbonen.
2027 2159 2164 2193 apertum

1189 2196 1235 2221 est
1254 2203 1286 2221 os
1305 2197 1335 2222 et
1354 2193 1465 2232 incepit
1484 2194 1522 2223 ab
1542 2194 1590 2223 illa
1609 2195 1657 2224 die
1675 2196 1706 2224 in
1725 2201 1813 2225 antea
1833 2197 2011 2236 participare
2030 2199 2067 2228 de
2086 2209 2164 2229 com-

1189 2237 1328 2266 munibus
1349 2242 1379 2266 et
1400 2238 1523 2267 minutis
1543 2239 1679 2268 servitiis.
1721 2241 1753 2269 L.
1775 2251 1800 2270 c.

1264 2281 1331 2310 Dec.
1355 2282 1392 2311 18
1425 2282 1587 2312 cardinales
1610 2284 1762 2313 Zamoren.
1786 2289 1817 2314 et
1841 2285 1945 2315 Senen.
1970 2286 2091 2316 fuerunt
2113 2298 2164 2326 per

1190 2324 1218 2354 S.
1237 2325 1270 2354 P.
1288 2325 1319 2354 in
1336 2326 1510 2356 consistorio
1526 2328 1654 2365 generali
1671 2329 1790 2367 recepti,
1810 2333 1844 2358 ut
1861 2334 1906 2359 est
1924 2331 2021 2366 moris,
2040 2335 2070 2360 et
2087 2342 2163 2361 rece-

1187 2373 1296 2407 perunt
1311 2370 1350 2398 ab
1366 2381 1400 2399 eo
1416 2371 1562 2409 capellum
1578 2372 1712 2407 rubeum,
1729 2373 1886 2411 assignatis
1902 2374 2044 2404 cardinali
2060 2375 2163 2405 Zamo-

1186 2413 1263 2442 rensi
1286 2413 1333 2443 tit.
1357 2425 1379 2443 s.
1403 2415 1519 2444 Priscae
1542 2419 1572 2444 et
1593 2416 1735 2446 cardinali
1760 2417 1880 2447 Senensi
1903 2418 1949 2447 tit.
1973 2429 1995 2448 s.
2022 2419 2161 2455 Sabinae;

1186 2461 1291 2495 postea
1310 2458 1430 2488 iverunt
1449 2459 1488 2488 ad
1507 2459 1614 2489 domus
1634 2460 1854 2491 habitationum
1874 2473 2005 2498 suarum,
2025 2464 2162 2493 associati

1186 2501 1225 2530 ab
1246 2502 1384 2531 omnibus
1404 2503 1532 2532 dominis
1553 2504 1632 2533 card.
1674 2505 1705 2534 L.
1728 2515 1752 2534 c.

1263 2546 1328 2575 Dec.
1345 2547 1383 2576 22
1411 2547 1439 2576 S.
1458 2548 1490 2577 P.
1507 2547 1537 2576 in
1553 2548 1727 2578 consistorio
1742 2554 1854 2579 secreto
1870 2551 1987 2588 aperuit
2003 2561 2053 2580 ora
2069 2551 2161 2580 cardi-

1185 2590 1298 2619 nalium
1316 2591 1468 2621 Zamoren.
1488 2596 1518 2621 et
1538 2592 1652 2627 Senen.,
1672 2593 1722 2632 qui
1739 2593 1778 2622 ab
1795 2594 1850 2623 hac
1867 2594 1915 2623 die
1932 2595 1961 2623 in
1979 2599 2068 2624 antea
2085 2595 2161 2625 ince-

1185 2639 1295 2672 perunt
1315 2635 1493 2674 participare
1514 2640 1570 2665 etc.
1611 2637 1643 2666 L.
1666 2647 1689 2666 8.

1661 2719 1761 2755 1457.

1259 2776 1331 2805 Jan.
1356 2777 1373 2806 7
1403 2776 1451 2805 die
1472 2776 1593 2806 Veneris
1614 2777 1807 2815 L(udovicus)
1829 2779 1909 2808 card.
1931 2790 1968 2809 ss.
1992 2780 2033 2809 IV
2055 2780 2159 2810 Coton.

1184 2819 1304 2849 recessit
1315 2820 1354 2849 ab
1366 2820 1447 2850 Urbe
1459 2821 1573 2859 legatus
1584 2821 1621 2850 de
1633 2822 1724 2851 latere
1736 2822 1930 2859 (constitutus
1942 2825 1975 2853 31
1990 2825 2060 2854 Dec.
2076 2826 2159 2862 1456)

1183 2873 1298 2902 gressus
1317 2874 1386 2893 suos
1405 2864 1533 2903 dirigens
1552 2875 1654 2894 versus
1673 2870 1703 2895 et
1721 2866 1759 2895 ad
1779 2866 1835 2896 civ.
1857 2867 2031 2903 Bononien.‚
2051 2872 2082 2898 et
2100 2879 2160 2899 non

1183 2907 1354 2946 participat,
1388 2913 1477 2947 prout
1509 2909 1613 2938 retulit
1642 2909 1781 2939 dominus
1813 2910 1949 2946 Ilerden„
1982 2913 2160 2943 camerarius

1183 2951 1305 2990 collegii.
1347 2953 1379 2982 L.
1401 2963 1425 2982 8.

2214 197 2251 230 31

2199 342 2254 371 166

2199 519 2251 548 167

2198 652 2251 680 168

2196 921 2250 950 169

2194 1186 2250 1215 170

2191 1628 2243 1657 171

2190 1805 2244 1834 172

2187 2113 2242 2142 173

2186 2245 2239 2274 174

2184 2509 2237 2539 175

2183 2641 2237 2670 176

2182 2959 2235 2988 177
